3370 5450
736 669 778 732 23

376 961 517 1044 Calipnla
543 959 575 1026 0.
602 962 618 1023 1
644 977 740 1039 qaum
764 953 933 1018 Armeniae
955 971 1055 1034 repom
1074 942 1317 1013 amicisset...

240 1174 275 1239 Si
308 1173 348 1239 ad
382 1172 468 1237 hune
498 1172 603 1236 loeum
627 1166 800 1234 contuleris
825 1165 930 1231 Teeiti
953 1165 1038 1227 Ann.
1064 1160 1138 1226 Lib.
1163 1157 1200 1221 II
1222 1179 1249 1222 e.
1276 1157 1317 1222 56

194 1301 318 1367 videbis
352 1299 391 1365 de
426 1297 600 1363 Armeniae
623 1316 698 1380 rege
727 1315 746 1358 a
776 1291 968 1358 Germanieo
992 1289 1116 1354 devioto
1139 1307 1316 1353 sermonem

192 1449 262 1492 esse
292 1447 354 1491 non
378 1447 486 1512 posse;
510 1423 661 1489 Armenii
685 1422 771 1488 enim
795 1442 869 1486 eum
893 1417 1104 1485 Germanious
1127 1417 1161 1480 in
1185 1414 1317 1480 Oriente

192 1559 275 1618 esset
309 1573 437 1639 prorsus
468 1573 575 1638 regem
607 1571 670 1615 non
702 1546 871 1612 habebant.
903 1543 1115 1611 Germanicus
1137 1549 1256 1624 autem,
1280 1548 1317 1606 ut

192 1678 420 1744 discordiarum
445 1678 518 1742 finis
541 1683 633 1761 esset,
657 1677 697 1740 iis
721 1697 829 1762 regem
853 1672 941 1739 dedit
956 1671 1126 1737 Zenonem.
1150 1668 1316 1733 Maxime

191 1828 267 1892 ergo
290 1806 477 1873 verisimilis
499 1812 547 1870 est
565 1807 747 1891 eonjeotura
765 1802 873 1890 Lipsii
884 1823 941 1888 pro
957 1799 1166 1882 „derieisset”
1179 1796 1316 1884 legentis

195 1933 383 2017 „dedisset''‚
407 1953 504 2020 quam
528 1934 741 2018 conjecturam
766 1931 863 1995 etiam
882 1926 1100 1992 Ruhnkenius
1119 1925 1153 1989 in
1174 1925 1241 1989 suis
1260 1923 1315 1988 ad·

191 2060 408 2126 notationibus
430 2081 488 2146 pro
509 2065 594 2124 eerto
617 2058 740 2122 habuit.

370 2334 404 2402 0.
429 2337 539 2401 9....
571 2356 641 2398 eam
664 2339 736 2414 post
758 2353 912 2398 erecessam
935 2331 1073 2415 Aepusti
1095 2327 1314 2393 tumultuantis

411 2469 440 2527 et
462 2463 497 2526 ia
520 2462 662 2546 furorem
685 2481 783 2546 usqae
800 2461 989 2544 praecipites
1011 2457 1095 2522 solas
1115 2453 1313 2521 hauddubie

411 2595 441 2654 et
463 2595 621 2673 conspecte
642 2608 698 2652 suo
719 2586 816 2664 flexit.

232 2774 283 2840 Ita
305 2775 445 2841 Rothiue
468 2775 578 2859 edidit,
602 2781 639 2840 ut
661 2774 845 2840 emendaret
867 2775 952 2861 quod
975 2775 1010 2839 in
1033 2773 1195 2861 plerisque
1218 2773 1312 2838 meeis

188 2901 322 2987 legitur:
358 2902 444 2967 solus
479 2902 565 2966 haud
600 2901 698 2968 dubie
733 2924 775 2968 ex
811 2910 980 2990 conspeetu
1015 2923 1073 2967 suo
1108 2902 1211 2968 flexit.
1237 2900 1311 2967 Non

187 3034 294 3094 eutem
318 3029 437 3093 mirum
461 3036 509 3093 est
531 3029 798 3115 praepositionem
826 3030 920 3112 „ex”,
931 3050 1005 3094 eum
1017 3029 1148 3094 omnino
1160 3028 1310 3112 abundet,

187 3154 306 3220 Rothio
328 3176 438 3220 ansam
462 3157 662 3242 oonjeeturae
684 3156 818 3222 dedisse.
840 3154 1087 3242 Oudendorpius
1100 3162 1206 3222 tamen
1219 3178 1311 3243 prae·

186 3283 376 3369 positionem
412 3282 600 3348 servandam
635 3289 777 3348 statuens
812 3255 1005 3348 looutionern
1043 3304 1105 3363 „ex
1140 3291 1309 3371 conspeetu

186 3409 264 3472 su0”
289 3408 334 3472 ite
356 3409 600 3496 interpretatur:
625 3432 667 3476 ex
692 3433 729 3476 eo
752 3409 836 3496 quod
859 3430 892 3477 se
914 3409 1166 3496 conspexissent,
1190 3412 1251 3496 vel,
1273 3418 1309 3475 ut

187 3535 256 3621 ipsa
289 3538 359 3622 ejus
391 3538 488 3602 verba
518 3537 660 3622 afferam,
688 3539 746 3622 „In
770 3541 841 3627 ipsa
863 3538 944 3606 faeie
967 3546 999 3606 et
1023 3541 1117 3607 vultu
1141 3538 1309 3628 Caligulae

185 3662 303 3726 bimuli
336 3665 429 3750 pueri
459 3685 521 3728 non
549 3668 652 3731 inerat
682 3688 719 3732 ea
743 3668 795 3732 vel
816 3667 915 3733 comis
938 3668 1093 3734 severitas
1117 3668 1168 3734 vel
1193 3669 1307 3735 blenda

184 3790 366 3875 auotoritas,
411 3799 447 3856 ut
482 3793 601 3858 milites
635 3816 693 3860 suo
727 3801 896 3881 conspeetu
919 3795 1046 3862 flectere
1070 3798 1220 3883 potuerit.
1244 3794 1307 3863 Sed

184 3913 279 3980 flexit
314 3938 366 3982 eos
400 3939 443 3982 ex
476 3920 528 3983 sui
563 3929 732 4008 conspeetu
767 3943 843 4010 prae
877 3925 1081 3990 miseratione
1117 3931 1149 3991 et
1172 3926 1306 4010 invidia,

183 4063 284 4128 quum
317 4043 468 4109 videbant
499 4047 605 4132 ipsum
629 4068 691 4113 non
715 4049 818 4114 solum
843 4071 860 4116 e
883 4051 995 4115 eastris
1018 4051 1172 4139 ablegari,
1195 4055 1250 4120 sed
1275 4063 1307 4121 et
1380 4137 1381 4140 Ἴ

182 4188 256 4232 eum
280 4174 381 4234 matre
405 4170 553 4237 vebioulo
577 4173 720 4238 ablatum
744 4176 786 4239 iri
809 4176 849 4241 ad
873 4176 1061 4244 Treveros.”

227 4292 278 4358 Ita
312 4295 568 4384 Oudendorpius,
592 4299 772 4368 luculenter
793 4325 869 4370 sane
891 4311 922 4369 et
945 4304 1116 4391 eleganter.
1140 4308 1304 4387 Attamen,

181 4422 261 4510 quid
295 4427 487 4512 praepositio
521 4428 616 4493 addat
638 4451 699 4495 non
724 4431 826 4498 video.
854 4430 1053 4522 „Conspeotu
1077 4440 1155 4503 suo'’
1178 4438 1302 4525 signifi·
