3370 5450
190 893 347 955 'contextu
381 913 507 957 omnem
543 893 836 980 interpretationem
871 895 996 982 effugit.
1034 896 1141 972 Quare
1176 899 1317 976 etiama

91 1104 93 1112 Ι
196 1015 357 1081 veteribus
379 1015 554 1105 editoribus
577 1025 625 1084 est
647 1021 757 1105 ejecta.

375 1291 408 1360 (J.
434 1293 486 1356 35.
512 1295 771 1359 ...Antoniam
797 1295 1118 1378 (immitterem...
1141 1300 1235 1396 quasi
1257 1321 1317 1364 mo·

414 1418 543 1482 litrieem
565 1440 719 1484 uovorum
741 1441 849 1485 reram
871 1423 1036 1516 interemit.
1061 1413 1211 1488 Similiter
1233 1426 1317 1488 inter

415 1550 527 1610 eeteros
548 1551 604 1609 out
625 1546 786 1630 affinitate
808 1547 918 1632 aliqua
938 1548 998 1612 sibi
1018 1554 1076 1612 aut
1082 1550 1315 1634 propinquitate

414 1673 602 1756 coujunctos.
667 1750 668 1754 Ἰ

238 1909 345 1977 Verba
372 1909 541 1992 „similiter
564 1911 649 1976 inter
668 1911 809 1976 oeteros”
830 1933 925 1977 seusu
947 1918 1063 1980 carent.
1086 1911 1125 1975 ln
1138 1913 1179 1976 iis
1191 1913 1313 1979 traden-

192 2037 242 2101 dis
265 2037 403 2101 multum
427 2037 503 2104 libri
526 2038 605 2103 mssi
627 2038 711 2103 inter
734 2060 768 2103 se
779 2039 978 2125 disorepant3
991 2040 1075 2105 inter
1088 2040 1193 2104 varias
1205 2045 1311 2105 autem

191 2163 335 2229 oodioum
359 2164 510 2229 leotiones
533 2169 564 2229 et
588 2165 692 2229 varias
715 2164 952 2230 emendationes
975 2165 1152 2252 propositas
1170 2165 1314 2231 maxime

191 2290 411 2356 observatione
433 2290 569 2376 dignum
592 2290 675 2354 mibi
700 2289 826 2356 videtur
850 2290 935 2377 quod
959 2291 1061 2356 oodex
1073 2291 1313 2376 Friburgensis,

191 2415 303 2482 habet:
345 2417 496 2483 similiter
536 2417 699 2490 interemit
732 2423 861 2483 eeteros.
899 2415 990 2491 Quae
1025 2418 1128 2500 leotio,
1164 2418 1314 2504 quamvis
1410 2391 1411 2394 Ἴ

190 2542 293 2628 primo
327 2542 478 2629 adspectu
514 2542 608 2629 plano
631 2513 800 2629 perspicua
823 2549 855 2607 et
878 2541 981 2607 faoilis
1006 2543 1162 2625 videatur,
1187 2542 1312 2641 duobus

189 2674 294 2733 temen
319 2668 528 2734 incommodis
551 2668 681 2733 laborat.
709 2667 841 2733 Moleste
865 2669 952 2733 enim
977 2675 1025 2733 est
1048 2669 1197 2755 repetitio
1222 2669 1313 2733 verbi

193 2795 405 2878 „interemit”‚
436 2794 520 2882 quod
552 2795 663 2881 pauois
696 2795 803 2860 verbis
826 2801 899 2859 ante
923 2794 1095 2881 praeeedit,
1120 2801 1152 2859 st
1176 2795 1311 2860 verbum

191 2922 380 3002 „similiter”
404 2942 467 2986 non
490 2942 565 2986 eum
588 2942 653 3007 quo
675 2941 755 3007 opus
776 2927 823 2985 est
843 2941 972 2984 sensum
993 2919 1099 2985 babet.
1121 2919 1313 3006 Requiritur
1365 2985 1366 2990 ,

188 3048 273 3114 enim
297 3071 327 3114 v.
339 3070 371 3134 g.
392 3047 502 3113 eodem
522 3035 666 3130 erimine,
680 3047 790 3112 eodem
803 3051 973 3133 praetextu
986 3050 1056 3128 ete,
1069 3065 1166 3131 quem
1178 3065 1308 3110 sensum

187 3174 284 3239 verbo
316 3173 515 3256 „similiter”
537 3173 672 3237 attribui
701 3193 792 3259 posse
817 3173 876 3238 vix
900 3171 1001 3238 oredo.
1026 3170 1257 3236 Perizonianus
1281 3178 1312 3236 et

188 3300 408 3366 Harlemensis
440 3299 575 3364 hebent:
609 3298 759 3363 similiter
790 3299 867 3363 item
900 3303 1030 3377 eeteros,
1059 3296 1233 3383 inquibus
1256 3302 1312 3360 aut

186 3427 263 3492 item
304 3433 358 3491 ant
400 3427 550 3490 similiter
584 3424 738 3490 abundet.
776 3423 965 3489 Torrentius
1001 3444 1110 3488 voosm
1146 3422 1311 3488 molestam

191 3553 313 3634 „inter”
339 3554 390 3618 vel
416 3553 534 3634 „item”
558 3553 706 3638 reJ‘ioieus
731 3553 776 3615 ite
799 3551 895 3636 legit:
923 3550 1092 3632 „similiter
1114 3551 1254 3615 eeteros'’
1275 3571 1312 3614 ao

187 3681 323 3758 verbum
354 3678 564 3746 interemendi
590 3680 642 3744 vel
664 3677 817 3766 perdendi
841 3677 894 3742 vel
916 3677 1023 3741 simile
1045 3676 1125 3763 quid
1148 3685 1190 3741 ex
1214 3676 1311 3741 verbo

187 3807 271 3895 quod
297 3807 458 3895 praeeedit
484 3806 687 3888 „interemit”
711 3804 883 3891 supplevit.
909 3801 1017 3888 Aegre
1043 3809 1149 3867 tamen
1174 3803 1308 3888 verbum

187 3934 247 4000 hoo
268 3933 476 4000 desideratur.

232 4059 323 4134 Quod
353 4067 461 4126 autem
492 4064 696 4145 exspectatur
723 4063 771 4122 est
798 4079 827 4123 v.
841 4077 872 4142 g.
897 4054 999 4119 simili
1024 4054 1165 4140 pernicie
1191 4055 1310 4119 invasit

186 4193 315 4270 eeteros,
338 4187 391 4252 vel
413 4186 563 4251 similiter
581 4183 757 4250 aoousando
777 4188 897 4247 eeteros
917 4188 975 4248 eto.
998 4180 1139 4265 Roganti
1151 4178 1310 4267 quomodo

186 4337 228 4380 ex
259 4314 300 4378 iis
331 4334 414 4400 quae
443 4318 615 4400 supersunt
641 4311 809 4376 leotionem
833 4329 895 4373 non
919 4308 965 4371 ita
987 4306 1156 4371 absurdam
1183 4326 1309 4392 eompa-

187 4460 257 4507 rara
286 4441 444 4531 possimus
474 4437 690 4529 responderim
723 4436 875 4524 legendo:
900 4433 1103 4499 insimulavit
1125 4433 1203 4497 item
1227 4437 1310 4497 oete·
