3370 5450
873 681 914 744 64

329 915 442 960 norum
476 895 552 959 solis
587 893 729 960 bellariis
763 894 907 980 impensa
942 913 1010 957 esse
1041 890 1115 976 quis
1139 888 1317 954 verisimile
1341 888 1456 974 putet?

330 1021 376 1085 At
405 1020 444 1086 de
475 1020 526 1084 his
557 1021 721 1107 disputent
743 1020 810 1086 alii.
834 1019 969 1085 Interim
995 1038 1169 1104 proponere
1193 1015 1304 1081 liceat:
1331 1013 1458 1080 Indice·

329 1148 384 1211 bat
414 1153 446 1211 et
477 1147 692 1211 familiaribus
723 1167 845 1229 coenas,
877 1167 1015 1232 quorum
1039 1145 1097 1209 uni
1122 1144 1243 1208 mellita
1266 1142 1459 1229 quadragies

330 1275 475 1339 sestertio
498 1274 678 1356 constitere,
702 1273 795 1338 alteri
819 1271 921 1359 pluris
945 1271 1109 1357 aliquanto
1133 1289 1306 1336 rosaceum.

511 1533 544 1599 C.
579 1533 631 1600 28.
666 1534 761 1598 Hauc
785 1532 926 1616 Sporum,
951 1533 1169 1614 Aupustarum
1192 1528 1388 1592 oruamcutts
1410 1548 1461 1588 cu-

553 1661 669 1725 cuttum
693 1661 857 1744 lecticaque
880 1664 1005 1742 uectum,
1029 1663 1057 1722 et
1082 1659 1167 1721 cirea
1192 1659 1357 1719 conuentus
1383 1671 1459 1714 uuer-

553 1792 701 1872 catusque
726 1786 879 1851 Graeciae
902 1807 939 1849 ac
963 1805 1032 1852 mou
1056 1783 1173 1848 Ranae
1194 1784 1276 1845 circa
1297 1778 1462 1861 Sipitlauia

555 1915 719 1978 comitatus
741 1918 796 1977 ast.

377 2134 463 2208 Quid
494 2136 671 2222 signifieat:
702 2136 786 2200 cirea
809 2142 984 2226 conventus
1007 2132 1253 2220 mercatusque?
1277 2129 1317 2193 In
1340 2125 1461 2192 vicinia

333 2280 389 2324 seu
425 2249 529 2348 prope‘
558 2261 626 2326 fora
661 2267 693 2327 et
726 2269 902 2345 mercatus,
938 2260 970 2324 N
972 2282 1025 2326 ero
1060 2260 1163 2346 igitur
1193 2255 1362 2320 Graeciam
1385 2273 1460 2316 eum

335 2382 434 2471 Sporo
461 2407 633 2474 peragrans
657 2387 802 2452 civitates
826 2408 888 2451 non
914 2387 1055 2451 intravit.
1079 2385 1226 2472 Apparet
1249 2388 1355 2445 tamen
1380 2390 1459 2479 spo.

331 2536 402 2578 rum
434 2513 658 2598 Augustarum
691 2514 885 2578 ornamentis
915 2512 1038 2578 cultum
1062 2512 1162 2580 fuisse
1185 2521 1223 2580 ut
1244 2515 1284 2579 ab
1309 2517 1460 2581 omnibus

330 2639 574 2725 conspiceretur.
610 2637 791 2702 Levissima
826 2639 1003 2703 mutatione
1038 2659 1118 2724 opus
1153 2646 1209 2703 est.
1241 2639 1306 2704 Pro
1332 2640 1456 2721 „circa”

329 2764 400 2850 lege
427 2765 598 2847 ,eircum'’,
623 2764 707 2851 quod
731 2765 859 2852 saepius
882 2765 967 2852 apud
991 2763 1181 2830 Suetonium
1205 2788 1299 2831 sensu
1323 2767 1380 2853 qui
1403 2766 1459 2831 hie

330 2891 508 2975 requiritur
540 2891 686 2955 occurrit.
723 2888 769 2954 Ut
803 2913 904 2956 unum
939 2891 1044 2955 locum
1078 2889 1251 2956 afferamus
1287 2915 1317 2956 v.
1353 2890 1459 2978 Oalig.

334 3038 360 3082 c.
386 3017 446 3080 28:
479 3017 612 3103 opinans
647 3018 710 3082 sibi
733 3039 862 3104 quoque
884 3019 998 3083 exules
1021 3040 1095 3083 suos
1120 3025 1254 3083 mortem
1277 3019 1459 3105 imprecari,

334 3143 424 3205 misit
457 3143 577 3207 circum
612 3145 743 3228 insulas,
776 3145 833 3231 qui
865 3145 1031 3210 universos
1064 3145 1328 3210 contrucidarent.
1365 3146 1461 3212 Patet

334 3289 395 3332 non
427 3269 461 3332 in
493 3270 612 3335 vicinia
642 3271 823 3334 insularum
853 3271 908 3336 sed
938 3272 971 3335 in
1004 3272 1083 3358 ipsis
1114 3272 1228 3336 insulis
1253 3272 1324 3336 illas
1348 3272 1460 3339 caedes

333 3391 431 3459 factas
455 3416 533 3460 esse.
558 3393 660 3460 Voces
688 3396 810 3476 „circa”
835 3403 867 3460 et
893 3397 1055 3476 „circum”
1078 3417 1140 3461 non
1165 3417 1235 3463 raro
1260 3404 1459 3462 commutan-

333 3531 396 3606 tur,
420 3522 505 3608 quod
530 3521 627 3607 vulgo
651 3521 724 3587 fieri
746 3527 849 3609 potest
872 3528 908 3586 ut
930 3543 992 3586 non
1016 3523 1125 3588 sensui
1150 3524 1320 3588 verborum
1345 3545 1456 3589 nocea-

332 3656 396 3731 tur,
431 3669 506 3712 cum
529 3647 623 3711 ambo
640 3627 713 3712 ¹fere
736 3669 862 3734 semper
885 3647 970 3713 idem
994 3648 1185 3733 significent.
1211 3649 1258 3713 At
1284 3650 1387 3737 „eirea
1409 3649 1459 3713 in·

330 3776 428 3857 sulas,
460 3775 544 3839 circa
575 3773 691 3838 urbes”
724 3795 889 3860 nunquam
920 3796 977 3862 pro
1012 3796 1088 3861 „per
1114 3796 1223 3840 omnes
1247 3775 1379 3859 insulas,
1403 3797 1461 3862 per

333 3921 442 3965 omnes
467 3899 583 3963 urbes”
607 3899 779 3982 inveneris,
799 3921 863 3985 quo
882 3921 977 3964 sensu
993 3901 1154 3980 „circum”
1168 3900 1255 3987 apud
1268 3899 1460 3966 Suetonium

335 4047 429 4111 saepe
453 4025 599 4090 occurrit.

517 4282 549 4349 0.
573 4285 626 4348 32.
649 4286 734 4349 Aute
756 4285 862 4348 omuiu
884 4287 1029 4369 instituit,
1053 4291 1088 4349 ut
1107 4307 1123 4350 e
1142 4286 1322 4351 libertorum
1334 4288 1460 4372 defuuc·

559 4415 661 4473 torum
684 4410 771 4474 bouis
787 4431 849 4494 pro
872 4414 994 4476 semisse
1017 4413 1148 4476 deutaus
1170 4413 1198 4475 ei
1219 4419 1385 4498 caperetur,
1405 4417 1462 4498 qui
