3370 5450
771 680 788 742 1

200 889 385 975 Aliquando
408 857 611 969 etiam‚'cum
636 887 786 972 antiquae
810 886 935 950 litterae
959 883 1131 948 admodum
1156 883 1320 948 inhonore

198 1022 313 1098 essent,
348 1016 491 1100 neglecto
526 1013 684 1099 quidquid
719 1033 832 1098 parum
866 1016 949 1076 66691
970 1010 1132 1074 laudabile
1155 1010 1195 1072 ad
1219 1011 1321 1074 virtu-

198 1147 245 1206 tes
269 1139 415 1204 Suetonii
439 1140 609 1225 praecipue
632 1139 755 1202 animos
774 1136 987 1200 attenderunt.
1002 1133 1089 1208 Quas
1102 1156 1170 1200 esse
1183 1136 1321 1200 eximias

194 1268 263 1352 jam
298 1286 318 1329 a
351 1266 450 1351 priori
484 1264 652 1329 admittere
687 1263 771 1327 licet.
805 1263 895 1325 Fieri
919 1263 1004 1324 enim
1029 1282 1091 1324 non
1117 1267 1219 1346 potest
1242 1263 1321 1347 quin

197 1357 342 1478 scriptor,
366 1393 423 1477 qui
449 1391 558 1454 multis
581 1389 748 1453 homiuum
772 1389 944 1472 generibus
968 1388 1210 1452 delectationem
1230 1386 1321 1452 adtu-

198 1519 281 1601 lerit,
306 1539 402 1604 quem
427 1517 522 1580 multi
535 1516 596 1580 viri
610 1515 787 1579 doctissimi
799 1520 831 1578 91
844 1513 964 1578 iudicio
976 1534 1057 1599 puro
1069 1514 1205 1577 summis
1218 1512 1320 1577 laudi·

199 1644 258 1707 bus
290 1643 477 1724 extulerint,
509 1640 626 1704 multas
649 1660 766 1726 easque
789 1641 966 1725 praeclaras
991 1640 1023 1703 in
1044 1638 1210 1704 scribendo
1233 1638 1321 1703 dotes

198 1768 322 1853 ingenii
344 1767 526 1833 ostenderit.
551 1763 616 1838 Qui
639 1786 714 1830 vero
737 1765 777 1828 ad
800 1785 916 1850 paucas
937 1765 1037 1830 eheu!
1052 1763 1236 1849 Tranquilli
1247 1784 1320 1849 ope·

198 1914 270 1962 rum
306 1894 459 1979 reliquias
495 1891 640 1955 animum
674 1889 848 1955 adverterit
883 1913 959 1954 mox
983 1889 1075 1955 oredo
1098 1889 1200 1954 multa
1222 1889 1256 1953 in
1281 1890 1321 1952 iis

198 2020 329 2105 9316316
351 2025 383 2084 61
404 2018 510 2105 lepide
533 2018 619 2085 dicta
642 2017 794 2082 inveniet.

242 2144 417 2232 Imprimis,
452 2147 637 2234 quicunque
667 2143 858 2209 Suetonium
881 2143 966 2226 leget
987 2143 1202 2206 admirabitur
1225 2142 1321 2207 breve

198 2272 278 2336 illud
302 2278 333 2336 91
356 2272 564 2355 succinctum,
588 2272 672 2359 quod
696 2292 771 2336 vere
791 2271 822 2335 ei
842 2270 1008 2356 proprium
1028 2268 1320 2336 essevindicamus.

198 2395 302 2485 Omne
331 2397 470 2462 nimium
506 2403 543 2462 ut
577 2398 730 2462 vitiosum
765 2402 813 2462 661
835 2396 1007 2478 abiectum,
1035 2396 1138 2460 omnis
1163 2417 1322 2461 excursus

199 2523 328 2605 vitatus,
365 2523 460 2588 661611
496 2529 528 2588 61
563 2523 655 2587 firmo
689 2521 790 2607 gradu
823 2523 958 2607 scriptor
988 2522 1138 2586 lectorem
1171 2521 1260 2586 ducit
1281 2522 1321 2586 ad

198 2648 293 2713 finem
319 2655 355 2713 ut
378 2669 475 2736 quam
500 2650 641 2735 plurima
664 2649 756 2731 facta,
782 2647 875 2730 dicta,
890 2668 1100 2734 quaecunque
1113 2649 1216 2713 notari
1228 2655 1320 2734 potu·

197 2775 290 2856 erint,
314 2775 352 2839 (16
376 2773 568 2840 Caesaribus
592 2775 758 2860 percipiat.
783 2773 814 2836 N
816 2795 851 2838 eo
874 2774 1046 2861 quisquam
1071 2773 1242 2859 utopinor
1254 2780 1318 2837 tam

198 2903 318 2986 exiguo
352 2903 516 2966 volumine
546 2907 593 2965 tot
616 2923 666 2966 res
689 2907 795 2985 gestas
818 2901 1035 2965 coarctaverit.
1060 2899 1168 2964 Etiam
1192 2899 1243 2964 vir
1266 2899 1321 2962 1119

198 3027 347 3111 egregius
374 3033 406 3092 et
436 3027 615 3090 litterarum
641 3025 734 3090 valde
759 3026 881 3112 peritus
905 3024 985 3089 adeo
1009 3025 1197 3089 brevitatem
1222 3030 1320 3088 secta·

198 3157 249 3214 tus
284 3159 332 3217 est
365 3158 401 3216 ut
423 3152 570 3216 flosculos
594 3151 746 3216 orationis
770 3157 802 3215 et
825 3150 1029 3236 periodorum
1054 3150 1224 3215 rotundum
1249 3172 1320 3215 cur-

197 3299 280 3360 sum,
304 3279 500 3342 concinnitas
523 3299 606 3363 quae
630 3277 758 3358 dicitur,
783 3277 919 3340 omnino·
936 3277 1127 3362 neglexerit.
1153 3276 1237 3342 Dein
1250 3277 1319 3341 lau-

197 3402 319 3467 dandus
347 3411 395 3468 est
417 3424 517 3489 purus
540 3411 571 3467 61
595 3404 723 3488 elegans
747 3423 860 3484 sermo,
881 3403 972 3488 copia
996 3408 1028 3466 91
1048 3403 1224 3488 proprietas
1250 3424 1319 3467 ver-

196 3531 320 3614 borum,
356 3531 492 3595 facilitas
526 3532 660 3617 antiqua
690 3530 788 3596 verba
811 3530 845 3593 in
869 3551 965 3593 usum
990 3529 1159 3594 revocandi
1183 3535 1215 3593 61
1238 3549 1321 3592 nova

196 3677 239 3720 ex
262 3657 328 3720 vita
351 3657 514 3720 communi
537 3656 721 3737 inducendi,
746 3658 779 3719 in
804 3657 993 3721 universum
1018 3655 1076 3721 hoc
1099 3656 1183 3742 quod
1209 3679 1319 3722 omnes

197 3783 364 3870 scriptores
387 3784 527 3848 celebres
551 3782 678 3866 habent,
703 3783 829 3847 dicendi
853 3783 1012 3869 quoddam
1025 3804 1128 3868 genus
1141 3785 1317 3869 proprium.

242 3908 308 3973 Ista
329 3910 369 3975 (16
392 3911 585 3994 elocutione;
610 3910 760 3973 narrandi
783 3918 890 3974 autem
915 3911 996 3974 ratio
1020 3909 1131 3972 multis
1155 3931 1197 3973 ex
1222 3910 1319 3994 parti·

197 4035 258 4098 bus
293 4044 340 4099 est
374 4035 542 4100 laudanda.
575 4034 658 4099 Oum
679 4037 776 4118 enim,
801 4042 838 4100 ut
862 4057 904 4100 ex
928 4035 1120 4120 antiquitate
1143 4035 1319 4120 imaginem

196 4161 336 4246 aliquam
370 4161 564 4246 depromam,
602 4161 734 4224 historia
768 4161 884 4223 similis
919 4161 962 4224 sit
988 4159 1113 4246 judicio
1144 4161 1209 4243 isti,
1234 4160 1318 4248 quod

197 4287 273 4350 olim
297 4285 382 4370 apud
406 4286 585 4372 Aegyptios
608 4286 648 4352 de
673 4287 806 4351 mortuis
827 4286 1013 4368 habebatur,
1038 4289 1071 4350 in
1095 4309 1158 4373 quo
1174 4288 1236 4352 viri
1247 4309 1319 4373 316·

197 4433 252 4476 ves
288 4418 320 4475 61
350 4400 524 4498 incorrupti
556 4413 645 4510 nulla
669 4413 778 4478 habita
801 4413 922 4478 ratione
946 4412 1112 4498 dignitatis
1135 4413 1174 4479 de
1198 4415 1265 4480 vita
1289 4421 1321 4481 et
