3370 5450
933 687 952 750 6

379 916 443 982 qua
467 895 650 982 Tranquilli
673 894 784 960 laudas
807 897 842 960 in
865 896 988 962 coelum
1012 896 1214 962 tollebantur.
1239 893 1349 981 Atque
1372 896 1417 960 lta
1440 897 1502 962 fac-

380 1028 449 1087 tum
473 1026 521 1086 est
542 1021 653 1107 utqui
673 1027 766 1086 antea
786 1042 900 1107 parum
913 1028 981 1087 erat
992 1029 1085 1086 notus
1097 1042 1182 1086 nunc
1194 1042 1250 1107 per
1262 1027 1360 1086 totam
1373 1019 1502 1086 Italiam

380 1151 412 1212 et
436 1145 597 1232 Europam
621 1146 798 1212 celebratus
818 1147 870 1212 sit.
891 1146 982 1221 Quae
1001 1146 1112 1212 laudes
1131 1168 1209 1212 num
1229 1145 1362 1212 fortasse
1383 1148 1503 1214 nimiae

379 1270 498 1336 fuerint
531 1271 589 1334 alii
623 1270 811 1357 dijudicent.
847 1271 1007 1358 Equidem
1037 1277 1162 1337 nostrae
1193 1272 1307 1335 aetatis
1338 1271 1501 1336 hominem

378 1397 538 1482 legentem
569 1396 737 1461 nonnullas
769 1418 811 1462 ex
842 1397 908 1461 illis
939 1396 1176 1462 laudationibus
1207 1396 1369 1461 interdum
1402 1397 1503 1462 rixa

380 1523 446 1588 risu
469 1522 631 1588 abstinere
654 1523 757 1605 oredo,
782 1545 845 1609 ag.
870 1544 944 1588 cum
969 1522 1083 1608 legerit
1101 1521 1188 1608 apud
1207 1519 1390 1586 Guidonem
1404 1521 1502 1587 Mori·

379 1650 483 1714 lonem
518 1649 553 1714 in
584 1648 780 1735 praefatione
810 1648 850 1713 ad
873 1648 1047 1715 editionem
1070 1647 1287 1714 Parisiensem
1310 1647 1500 1714 Suetonium

382 1775 558 1860 „gravitate
588 1794 625 1839 ac
654 1775 819 1860 majestate
851 1774 1029 1856 incedere’'‚
1058 1773 1110 1838 rel
1137 1774 1190 1855 „in
1213 1773 1273 1839 hoc
1295 1774 1364 1839 stili
1386 1795 1503 1859 genere

380 1900 500 1986 primas
530 1906 639 1965 tenere
669 1901 807 1986 partes.’'
842 1899 893 1964 De
924 1898 1035 1964 Tacito
1066 1899 1119 1963 rel
1141 1898 1181 1964 de
1204 1898 1301 1963 Livio
1324 1920 1501 1964 sermonem

379 2046 448 2092 esse
470 2025 661 2110 credideris;
686 2023 833 2091 Suetonii
856 2025 909 2090 cui
933 2025 967 2089 in
990 2031 1130 2090 mentem
1154 2025 1302 2090 venerit?
1315 2023 1390 2110 Ipse
1406 2025 1501 2090 etiam

380 2150 628 2236 Oudendorpius
658 2151 692 2214 in
722 2171 781 2216 sua
812 2149 1008 2236 praefatione
1038 2148 1078 2213 ad
1109 2149 1502 2230 editionemanni1751‚

380 2277 440 2343 etsi
470 2283 620 2362 agnoscat
642 2275 869 2362 Tranquillum
896 2276 1083 2362 „perpaucis
1106 2277 1267 2341 erroribus
1292 2296 1367 2363 prae
1389 2275 1502 2339 huma·

381 2423 442 2468 nae
476 2401 593 2467 indolis
616 2403 731 2487 suique
755 2403 828 2467 aeri
851 2402 952 2467 ritio’'
976 2403 1153 2469 obnoxium
1178 2424 1257 2482 esse,
1282 2408 1373 2467 vocat
1396 2407 1503 2464 tamen

381 2549 455 2593 enm
487 2527 692 2612 „scriptorem
707 2574 714 2589 .
730 2574 759 2590 ..
785 2547 848 2612 quo
871 2528 1144 2613 praestantiorem,
1168 2548 1377 2612 summaeque
1400 2531 1503 2612 potes·

381 2653 455 2719 tatis
479 2660 511 2718 et
534 2653 656 2718 excelsi
677 2653 777 2716 animi
803 2653 945 2717 virorum
967 2653 1142 2739 patrocinio
1161 2653 1352 2738 digniorem,
1372 2651 1505 2736 antiqua

382 2780 440 2846 vix
465 2778 599 2864 protulit
621 2777 756 2843 Roma.’'

426 2904 508 2979 Quis
539 2925 601 2970 non
633 2926 708 2990 ergo
740 2906 773 2969 in
804 2906 990 2991 scriptorem
1023 2905 1108 2971 hunc
1130 2906 1164 2971 id
1187 2905 1272 2992 quod
1297 2905 1390 2969 initio
1414 2923 1503 2990 prae-

381 3030 471 3094 fabar
493 3031 663 3096 convenire
686 3029 798 3095 videt?
823 3007 1088 3117 Abaeqnalibus
1112 3053 1185 3096 cum
1204 3030 1322 3117 gaudio
1343 3029 1504 3095 ethonore

276 3213 282 3224 .
382 3164 547 3244 exceptus,
581 3158 740 3222 aetatibus
775 3158 923 3244 proxime
958 3158 1167 3244 sequentibus
1202 3156 1305 3241 frigus
1340 3163 1503 3241 expertus,

381 3284 499 3349 iterum
524 3290 636 3370 quarto
658 3285 784 3349 saeculo
807 3291 839 3349 et
863 3290 971 3370 postea
994 3285 1028 3347 in
1051 3283 1169 3349 honore
1192 3282 1322 3347 habitus
1341 3287 1398 3345 est.
1412 3277 1503 3343 Post·

383 3429 479 3494 quam
511 3429 568 3494 per
598 3409 729 3494 longum
753 3409 906 3495 temporis
930 3410 1071 3495 spatium
1095 3409 1129 3472 in
1152 3407 1283 3494 Europa
1305 3426 1418 3493 parum
1443 3405 1505 3469 fuit

382 3535 529 3620 cognitus
560 3534 680 3599 ibidem
712 3533 829 3600 honore
861 3536 1032 3622 praecipuo
1063 3535 1215 3618 habetur3
1245 3541 1352 3599 nostra
1374 3532 1504 3596 demum

383 3667 486 3727 aetate
516 3681 580 3726 non
603 3681 640 3725 ao
662 3683 726 3747 quo
748 3669 842 3727 antea
864 3661 983 3727 honore
1005 3661 1156 3727 afficitur.
1181 3661 1263 3743 Quis
1287 3681 1350 3725 non
1374 3659 1408 3721 in
1432 3678 1504 3722 con-

382 3787 484 3852 tinuis
506 3787 558 3852 his
581 3788 754 3872 gloriaest
776 3786 922 3853 fortunae
946 3787 1224 3853 vicissitudinibus
1245 3808 1298 3851 eos
1318 3807 1398 3872 quos
1412 3785 1504 3849 initio

384 3914 456 3979 dixi
479 3915 577 3978 maris
598 3934 759 3979 accessum
783 3921 815 3979 et
837 3935 996 3980 recessum
1020 3914 1209 4000 agnoverit?

429 4037 532 4126 Cujus
566 4040 795 4104 inconstantiae
829 4061 943 4105 causae
966 4062 1009 4106 ex
1032 4041 1074 4104 iis
1097 4060 1179 4126 qnae
1202 4039 1273 4104 dixi
1292 4041 1362 4125 jam
1386 4044 1505 4125 patent.

384 4165 429 4232 Ut
452 4167 538 4232 enim
562 4166 719 4251 cujusque
738 4166 851 4231 aetatis
870 4165 977 4231 studia
997 4165 1180 4231 aSuetonio
1193 4165 1400 4231 fuerealiena
1412 4163 1507 4230 selei

384 4301 526 4379 cognata,
555 4300 592 4357 ut
613 4299 757 4379 tempora
780 4293 851 4379 ipsa
872 4293 1053 4379 disciplinis
1076 4300 1108 4358 et
1131 4294 1254 4358 artibus
1282 4293 1334 4358 vel
1357 4291 1508 4357 favebant

385 4421 438 4486 vel
478 4419 643 4502 nocebant,
687 4417 834 4484 Suetonii
867 4418 973 4484 studia
1007 4420 1184 4485 floruerunt
1218 4420 1271 4485 vel
1304 4419 1507 4504 languerunt.
