<?xml version="1.0" encoding="UTF-8"?>
<!DOCTYPE html PUBLIC "-//W3C//DTD XHTML 1.0 Transitional//EN"
    "http://www.w3.org/TR/xhtml1/DTD/xhtml1-transitional.dtd">
<html xmlns="http://www.w3.org/1999/xhtml" xml:lang="en" lang="en">
 <head>
  <title>
</title>
<meta http-equiv="Content-Type" content="text/html;charset=utf-8" />
  <meta name='ocr-system' content='tesseract 3.04.00' />
  <meta name='ocr-capabilities' content='ocr_page ocr_carea ocr_par ocr_line ocrx_word'/>
</head>
<body>
  <div class='ocr_page' id='page_1' title='image "./annotationescri00veldgoog_0012.png"; bbox 0 0 3370 5450; ppageno 0'>
   <div class='ocr_carea' id='block_1_1' title="bbox 416 1797 963 1976">
    <p class='ocr_par' dir='ltr' id='par_1_1' title="bbox 416 1797 963 1976">
     <span class='ocr_line' id='line_1_1' title="bbox 416 1797 963 1976; baseline 0.009 -34"><span class='ocrx_word' id='word_1_1' title='bbox 416 1970 418 1976; x_wconf 7' lang='grc' dir='ltr'>ἲ</span> <span class='ocrx_word' id='word_1_2' title='bbox 535 1797 963 1947; x_wconf 77' lang='lat' dir='ltr'><strong>PRAEFATIO.</strong></span> 
     </span>
    </p>
   </div>
   <div class='ocr_carea' id='block_1_2' title="bbox 656 2173 847 2181">
    <p class='ocr_par' dir='ltr' id='par_1_2' title="bbox 656 2173 847 2181">
     <span class='ocr_line' id='line_1_2' title="bbox 656 2173 847 2181; baseline 0.01 -3"><span class='ocrx_word' id='word_1_3' title='bbox 656 2173 847 2181; x_wconf 74' lang='lat'><em>-.——..-.</em></span> 
     </span>
    </p>
   </div>
   <div class='ocr_carea' id='block_1_3' title="bbox 234 2437 1308 2529">
    <p class='ocr_par' dir='ltr' id='par_1_3' title="bbox 234 2437 1308 2529">
     <span class='ocr_line' id='line_1_3' title="bbox 234 2437 1308 2529; baseline 0.004 -27"><span class='ocrx_word' id='word_1_4' title='bbox 234 2437 469 2526; x_wconf 79' lang='lat' dir='ltr'>Saepenumero</span> <span class='ocrx_word' id='word_1_5' title='bbox 498 2437 591 2520; x_wconf 86' lang='lat' dir='ltr'>mihi,</span> <span class='ocrx_word' id='word_1_6' title='bbox 623 2438 786 2526; x_wconf 91' lang='lat' dir='ltr'>soriptoris</span> <span class='ocrx_word' id='word_1_7' title='bbox 817 2439 912 2526; x_wconf 90' lang='lat' dir='ltr'>paulo</span> <span class='ocrx_word' id='word_1_8' title='bbox 944 2439 1128 2504; x_wconf 79' lang='lat' dir='ltr'>vetustioris</span> <span class='ocrx_word' id='word_1_9' title='bbox 1156 2441 1189 2504; x_wconf 92' lang='lat' dir='ltr'>in</span> <span class='ocrx_word' id='word_1_10' title='bbox 1213 2462 1308 2529; x_wconf 92' lang='lat' dir='ltr'>repu-</span> 
     </span>
    </p>
   </div>
   <div class='ocr_carea' id='block_1_4' title="bbox 20 2564 1308 2660">
    <p class='ocr_par' dir='ltr' id='par_1_4' title="bbox 20 2564 1308 2660">
     <span class='ocr_line' id='line_1_4' title="bbox 20 2564 1308 2660; baseline -0.002 -30"><span class='ocrx_word' id='word_1_11' title='bbox 20 2587 23 2598; x_wconf 93' lang='lat'>·</span> <span class='ocrx_word' id='word_1_12' title='bbox 110 2647 112 2650; x_wconf 16' lang='lat'>¹</span> <span class='ocrx_word' id='word_1_13' title='bbox 190 2565 273 2630; x_wconf 86' lang='lat' dir='ltr'>bliea</span> <span class='ocrx_word' id='word_1_14' title='bbox 295 2564 473 2628; x_wconf 85' lang='lat' dir='ltr'>litterarum</span> <span class='ocrx_word' id='word_1_15' title='bbox 497 2584 588 2628; x_wconf 88' lang='lat' dir='ltr'>oasus</span> <span class='ocrx_word' id='word_1_16' title='bbox 609 2570 715 2628; x_wconf 90' lang='lat' dir='ltr'>mente</span> <span class='ocrx_word' id='word_1_17' title='bbox 740 2564 892 2660; x_wconf 86' lang='lat' dir='ltr'>volventi,</span> <span class='ocrx_word' id='word_1_18' title='bbox 917 2585 990 2628; x_wconf 91' lang='lat' dir='ltr'>oum</span> <span class='ocrx_word' id='word_1_19' title='bbox 1015 2564 1157 2629; x_wconf 88' lang='lat' dir='ltr'>viderem</span> <span class='ocrx_word' id='word_1_20' title='bbox 1182 2565 1308 2630; x_wconf 92' lang='lat' dir='ltr'>eosdem</span> 
     </span>
    </p>
   </div>
   <div class='ocr_carea' id='block_1_5' title="bbox 135 2677 1315 4540">
    <p class='ocr_par' dir='ltr' id='par_1_5' title="bbox 189 2677 1315 3407">
     <span class='ocr_line' id='line_1_5' title="bbox 190 2677 1308 2776; baseline -0.003 -21"><span class='ocrx_word' id='word_1_21' title='bbox 190 2698 265 2755; x_wconf 86' lang='lat' dir='ltr'>tuno</span> <span class='ocrx_word' id='word_1_22' title='bbox 283 2711 303 2754; x_wconf 90' lang='lat' dir='ltr'>a</span> <span class='ocrx_word' id='word_1_23' title='bbox 321 2677 420 2755; x_wconf 86' lang='lat' dir='ltr'>doetis</span> <span class='ocrx_word' id='word_1_24' title='bbox 438 2691 517 2754; x_wconf 91' lang='lat' dir='ltr'>viris</span> <span class='ocrx_word' id='word_1_25' title='bbox 536 2689 690 2772; x_wconf 87' lang='lat' dir='ltr'>laudatos,</span> <span class='ocrx_word' id='word_1_26' title='bbox 712 2711 768 2776; x_wconf 94' lang='lat' dir='ltr'>pro</span> <span class='ocrx_word' id='word_1_27' title='bbox 788 2689 1027 2776; x_wconf 80' lang='lat' dir='ltr'>exemplaribus</span> <span class='ocrx_word' id='word_1_28' title='bbox 1047 2689 1173 2755; x_wconf 94' lang='lat' dir='ltr'>habitos</span> <span class='ocrx_word' id='word_1_29' title='bbox 1192 2696 1224 2754; x_wconf 94' lang='lat' dir='ltr'>et</span> <span class='ocrx_word' id='word_1_30' title='bbox 1241 2712 1308 2754; x_wconf 95' lang='lat' dir='ltr'>om·</span> 
     </span>
     <span class='ocr_line' id='line_1_6' title="bbox 190 2816 1308 2902; baseline 0 -23"><span class='ocrx_word' id='word_1_31' title='bbox 190 2817 279 2881; x_wconf 92' lang='lat' dir='ltr'>nium</span> <span class='ocrx_word' id='word_1_32' title='bbox 315 2818 349 2880; x_wconf 95' lang='lat' dir='ltr'>in</span> <span class='ocrx_word' id='word_1_33' title='bbox 383 2838 436 2882; x_wconf 95' lang='lat' dir='ltr'>ore</span> <span class='ocrx_word' id='word_1_34' title='bbox 471 2817 582 2896; x_wconf 83' lang='lat' dir='ltr'>fuisse,</span> <span class='ocrx_word' id='word_1_35' title='bbox 613 2822 689 2880; x_wconf 91' lang='lat' dir='ltr'>tuno</span> <span class='ocrx_word' id='word_1_36' title='bbox 712 2816 882 2902; x_wconf 78' lang='lat' dir='ltr'>neglectos,</span> <span class='ocrx_word' id='word_1_37' title='bbox 906 2836 925 2879; x_wconf 99' lang='lat' dir='ltr'>a</span> <span class='ocrx_word' id='word_1_38' title='bbox 948 2817 1068 2881; x_wconf 88' lang='lat' dir='ltr'>oritieis</span> <span class='ocrx_word' id='word_1_39' title='bbox 1091 2817 1212 2902; x_wconf 82' lang='lat' dir='ltr'>exigua</span> <span class='ocrx_word' id='word_1_40' title='bbox 1235 2838 1308 2880; x_wconf 88' lang='lat' dir='ltr'>eum</span> 
     </span>
     <span class='ocr_line' id='line_1_7' title="bbox 189 2937 1310 3028; baseline -0.001 -23"><span class='ocrx_word' id='word_1_41' title='bbox 189 2942 284 3006; x_wconf 88' lang='lat' dir='ltr'>laude</span> <span class='ocrx_word' id='word_1_42' title='bbox 307 2963 402 3028; x_wconf 83' lang='lat' dir='ltr'>saepe</span> <span class='ocrx_word' id='word_1_43' title='bbox 425 2937 517 3026; x_wconf 84' lang='lat' dir='ltr'>gravi</span> <span class='ocrx_word' id='word_1_44' title='bbox 540 2963 613 3006; x_wconf 91' lang='lat' dir='ltr'>oum</span> <span class='ocrx_word' id='word_1_45' title='bbox 638 2941 884 3028; x_wconf 86' lang='lat' dir='ltr'>reprehensione</span> <span class='ocrx_word' id='word_1_46' title='bbox 897 2947 1180 3023; x_wconf 86' lang='lat' dir='ltr'>essememoratos,</span> <span class='ocrx_word' id='word_1_47' title='bbox 1194 2961 1310 3028; x_wconf 90' lang='lat' dir='ltr'>paueos</span> 
     </span>
     <span class='ocr_line' id='line_1_8' title="bbox 191 3066 1311 3164; baseline -0.002 -31"><span class='ocrx_word' id='word_1_48' title='bbox 191 3068 361 3134; x_wconf 89' lang='lat' dir='ltr'>admodum</span> <span class='ocrx_word' id='word_1_49' title='bbox 376 3089 434 3154; x_wconf 91' lang='lat' dir='ltr'>per</span> <span class='ocrx_word' id='word_1_50' title='bbox 445 3068 611 3132; x_wconf 90' lang='lat' dir='ltr'>oontinuas</span> <span class='ocrx_word' id='word_1_51' title='bbox 624 3074 805 3154; x_wconf 91' lang='lat' dir='ltr'>temporum</span> <span class='ocrx_word' id='word_1_52' title='bbox 819 3067 1058 3164; x_wconf 75' lang='lat' dir='ltr'>vicissitudines</span> <span class='ocrx_word' id='word_1_53' title='bbox 1071 3067 1219 3131; x_wconf 93' lang='lat' dir='ltr'>immotos</span> <span class='ocrx_word' id='word_1_54' title='bbox 1232 3066 1311 3154; x_wconf 88' lang='lat' dir='ltr'>pha·</span> 
     </span>
     <span class='ocr_line' id='line_1_9' title="bbox 191 3194 1315 3281; baseline -0.001 -23"><span class='ocrx_word' id='word_1_55' title='bbox 191 3215 301 3259; x_wconf 93' lang='lat' dir='ltr'>rorum</span> <span class='ocrx_word' id='word_1_56' title='bbox 333 3195 433 3259; x_wconf 89' lang='lat' dir='ltr'>instar</span> <span class='ocrx_word' id='word_1_57' title='bbox 456 3216 552 3281; x_wconf 90' lang='lat' dir='ltr'>super</span> <span class='ocrx_word' id='word_1_58' title='bbox 575 3215 728 3259; x_wconf 87' lang='lat' dir='ltr'>ooeanum</span> <span class='ocrx_word' id='word_1_59' title='bbox 753 3194 935 3276; x_wconf 83' lang='lat' dir='ltr'>claresoere‚</span> <span class='ocrx_word' id='word_1_60' title='bbox 959 3195 1022 3260; x_wconf 90' lang='lat' dir='ltr'>visi</span> <span class='ocrx_word' id='word_1_61' title='bbox 1045 3199 1121 3258; x_wconf 93' lang='lat' dir='ltr'>sunt</span> <span class='ocrx_word' id='word_1_62' title='bbox 1142 3194 1315 3280; x_wconf 64' lang='lat' dir='ltr'>scriptores,</span> 
     </span>
     <span class='ocr_line' id='line_1_10' title="bbox 190 3291 1310 3407; baseline 0.001 -24"><span class='ocrx_word' id='word_1_63' title='bbox 190 3326 222 3383; x_wconf 86' lang='lat' dir='ltr'>et</span> <span class='ocrx_word' id='word_1_64' title='bbox 245 3325 355 3405; x_wconf 68' lang='lat' dir='ltr'>poetae</span> <span class='ocrx_word' id='word_1_65' title='bbox 378 3327 530 3407; x_wconf 87' lang='lat' dir='ltr'>tanquam</span> <span class='ocrx_word' id='word_1_66' title='bbox 554 3321 651 3385; x_wconf 86' lang='lat' dir='ltr'>maris</span> <span class='ocrx_word' id='word_1_67' title='bbox 675 3341 819 3384; x_wconf 90' lang='lat' dir='ltr'>aoeessus</span> <span class='ocrx_word' id='word_1_68' title='bbox 842 3326 876 3385; x_wconf 93' lang='lat' dir='ltr'>et</span> <span class='ocrx_word' id='word_1_69' title='bbox 898 3341 1040 3385; x_wconf 78' lang='lat' dir='ltr'>recessus</span> <span class='ocrx_word' id='word_1_70' title='bbox 1063 3291 1227 3407; x_wconf 87' lang='lat' dir='ltr'>perpetuis</span> <span class='ocrx_word' id='word_1_71' title='bbox 1238 3321 1310 3406; x_wconf 93' lang='lat' dir='ltr'>qui·</span> 
     </span>
    </p>

    <p class='ocr_par' dir='ltr' id='par_1_6' title="bbox 135 3443 1313 4540">
     <span class='ocr_line' id='line_1_11' title="bbox 190 3443 1310 3532; baseline -0.003 -21"><span class='ocrx_word' id='word_1_72' title='bbox 190 3445 325 3511; x_wconf 89' lang='lat' dir='ltr'>busdam</span> <span class='ocrx_word' id='word_1_73' title='bbox 349 3446 474 3510; x_wconf 90' lang='lat' dir='ltr'>vioibus</span> <span class='ocrx_word' id='word_1_74' title='bbox 498 3447 568 3532; x_wconf 84' lang='lat' dir='ltr'>lege</span> <span class='ocrx_word' id='word_1_75' title='bbox 592 3451 725 3510; x_wconf 86' lang='lat' dir='ltr'>naturae</span> <span class='ocrx_word' id='word_1_76' title='bbox 749 3466 817 3510; x_wconf 88' lang='lat' dir='ltr'>esse</span> <span class='ocrx_word' id='word_1_77' title='bbox 841 3445 988 3531; x_wconf 81' lang='lat' dir='ltr'>subjecti.</span> <span class='ocrx_word' id='word_1_78' title='bbox 1002 3443 1094 3518; x_wconf 80' lang='lat' dir='ltr'>Quod</span> <span class='ocrx_word' id='word_1_79' title='bbox 1107 3451 1310 3510; x_wconf 87' lang='lat' dir='ltr'>oertereoen·</span> 
     </span>
     <span class='ocr_line' id='line_1_12' title="bbox 135 3537 1310 3657; baseline -0.004 -21"><span class='ocrx_word' id='word_1_80' title='bbox 135 3537 139 3546; x_wconf 87' lang='lat'>.</span> <span class='ocrx_word' id='word_1_81' title='bbox 160 3597 162 3600; x_wconf 92' lang='lat'>·</span> <span class='ocrx_word' id='word_1_82' title='bbox 191 3571 326 3636; x_wconf 93' lang='lat' dir='ltr'>tioribus</span> <span class='ocrx_word' id='word_1_83' title='bbox 338 3591 464 3656; x_wconf 92' lang='lat' dir='ltr'>quoque</span> <span class='ocrx_word' id='word_1_84' title='bbox 476 3571 510 3634; x_wconf 91' lang='lat' dir='ltr'>in</span> <span class='ocrx_word' id='word_1_85' title='bbox 523 3571 624 3657; x_wconf 70' lang='lat' dir='ltr'>potitis</span> <span class='ocrx_word' id='word_1_86' title='bbox 636 3575 785 3656; x_wconf 80' lang='lat' dir='ltr'>apparet3</span> <span class='ocrx_word' id='word_1_87' title='bbox 800 3609 840 3617; x_wconf 93' lang='lat'><em>-</em></span> <span class='ocrx_word' id='word_1_88' title='bbox 855 3570 928 3656; x_wconf 91' lang='lat' dir='ltr'>quis</span> <span class='ocrx_word' id='word_1_89' title='bbox 941 3592 1004 3655; x_wconf 81' lang='lat' dir='ltr'>vg.</span> <span class='ocrx_word' id='word_1_90' title='bbox 1014 3570 1310 3656; x_wconf 91' lang='lat' dir='ltr'>nonobstupesoens</span> 
     </span>
     <span class='ocr_line' id='line_1_13' title="bbox 190 3694 1310 3784; baseline -0.001 -24"><span class='ocrx_word' id='word_1_91' title='bbox 190 3697 306 3782; x_wconf 85' lang='lat' dir='ltr'>legerit</span> <span class='ocrx_word' id='word_1_92' title='bbox 327 3717 424 3783; x_wconf 87' lang='lat' dir='ltr'>quam</span> <span class='ocrx_word' id='word_1_93' title='bbox 444 3697 503 3761; x_wconf 91' lang='lat' dir='ltr'>vili</span> <span class='ocrx_word' id='word_1_94' title='bbox 527 3697 629 3784; x_wconf 86' lang='lat' dir='ltr'>pretio</span> <span class='ocrx_word' id='word_1_95' title='bbox 653 3695 767 3761; x_wconf 89' lang='lat' dir='ltr'>Milton</span> <span class='ocrx_word' id='word_1_96' title='bbox 791 3695 1037 3760; x_wconf 80' lang='lat' dir='ltr'>celeberrimum</span> <span class='ocrx_word' id='word_1_97' title='bbox 1050 3717 1145 3760; x_wconf 89' lang='lat' dir='ltr'>suum</span> <span class='ocrx_word' id='word_1_98' title='bbox 1157 3694 1310 3759; x_wconf 87' lang='lat' dir='ltr'>Paradise</span> 
     </span>
     <span class='ocr_line' id='line_1_14' title="bbox 192 3819 1310 3907; baseline -0.002 -23"><span class='ocrx_word' id='word_1_99' title='bbox 192 3821 268 3886; x_wconf 89' lang='lat' dir='ltr'>Lost</span> <span class='ocrx_word' id='word_1_100' title='bbox 290 3822 404 3887; x_wconf 88' lang='lat' dir='ltr'>editori</span> <span class='ocrx_word' id='word_1_101' title='bbox 422 3820 625 3887; x_wconf 76' lang='lat' dir='ltr'>vendiderit?</span> <span class='ocrx_word' id='word_1_102' title='bbox 646 3843 663 3886; x_wconf 86' lang='lat' dir='ltr'>e</span> <span class='ocrx_word' id='word_1_103' title='bbox 683 3821 878 3886; x_wconf 88' lang='lat' dir='ltr'>nostratibus</span> <span class='ocrx_word' id='word_1_104' title='bbox 898 3826 1005 3885; x_wconf 89' lang='lat' dir='ltr'>autem</span> <span class='ocrx_word' id='word_1_105' title='bbox 1026 3821 1099 3907; x_wconf 92' lang='lat' dir='ltr'>quis</span> <span class='ocrx_word' id='word_1_106' title='bbox 1111 3819 1310 3885; x_wconf 87' lang='lat' dir='ltr'>nesoitVon·</span> 
     </span>
     <span class='ocr_line' id='line_1_15' title="bbox 190 3945 1311 4034; baseline -0.001 -24"><span class='ocrx_word' id='word_1_107' title='bbox 190 3946 311 4012; x_wconf 91' lang='lat' dir='ltr'>delium</span> <span class='ocrx_word' id='word_1_108' title='bbox 345 3954 489 4012; x_wconf 90' lang='lat' dir='ltr'>nostrum</span> <span class='ocrx_word' id='word_1_109' title='bbox 513 3968 570 4034; x_wconf 94' lang='lat' dir='ltr'>per</span> <span class='ocrx_word' id='word_1_110' title='bbox 592 3947 669 4012; x_wconf 86' lang='lat' dir='ltr'>satis</span> <span class='ocrx_word' id='word_1_111' title='bbox 692 3947 825 4032; x_wconf 82' lang='lat' dir='ltr'>longum</span> <span class='ocrx_word' id='word_1_112' title='bbox 847 3952 975 4034; x_wconf 91' lang='lat' dir='ltr'>tempus</span> <span class='ocrx_word' id='word_1_113' title='bbox 998 3966 1111 4032; x_wconf 93' lang='lat' dir='ltr'>parum</span> <span class='ocrx_word' id='word_1_114' title='bbox 1136 3947 1169 4009; x_wconf 92' lang='lat' dir='ltr'>in</span> <span class='ocrx_word' id='word_1_115' title='bbox 1193 3945 1311 4010; x_wconf 86' lang='lat' dir='ltr'>honore</span> 
     </span>
     <span class='ocr_line' id='line_1_16' title="bbox 190 4072 1313 4155; baseline -0.001 -19"><span class='ocrx_word' id='word_1_116' title='bbox 190 4073 300 4155; x_wconf 85' lang='lat' dir='ltr'>fuisse,</span> <span class='ocrx_word' id='word_1_117' title='bbox 331 4074 429 4139; x_wconf 88' lang='lat' dir='ltr'>donee</span> <span class='ocrx_word' id='word_1_118' title='bbox 451 4074 511 4138; x_wconf 88' lang='lat' dir='ltr'>hoe</span> <span class='ocrx_word' id='word_1_119' title='bbox 535 4073 662 4139; x_wconf 90' lang='lat' dir='ltr'>tandem</span> <span class='ocrx_word' id='word_1_120' title='bbox 685 4073 811 4138; x_wconf 88' lang='lat' dir='ltr'>saoeulo</span> <span class='ocrx_word' id='word_1_121' title='bbox 834 4093 853 4136; x_wconf 99' lang='lat' dir='ltr'>a</span> <span class='ocrx_word' id='word_1_122' title='bbox 878 4073 958 4137; x_wconf 90' lang='lat' dir='ltr'>viris</span> <span class='ocrx_word' id='word_1_123' title='bbox 981 4079 1147 4138; x_wconf 88' lang='lat' dir='ltr'>emunetae</span> <span class='ocrx_word' id='word_1_124' title='bbox 1171 4072 1257 4137; x_wconf 87' lang='lat' dir='ltr'>naris</span> <span class='ocrx_word' id='word_1_125' title='bbox 1280 4077 1313 4136; x_wconf 91' lang='lat' dir='ltr'>et</span> 
     </span>
     <span class='ocr_line' id='line_1_17' title="bbox 190 4199 1311 4284; baseline -0.001 -22"><span class='ocrx_word' id='word_1_126' title='bbox 190 4199 386 4264; x_wconf 79' lang='lat' dir='ltr'>auctoritatis</span> <span class='ocrx_word' id='word_1_127' title='bbox 418 4220 553 4284; x_wconf 87' lang='lat' dir='ltr'>magnae</span> <span class='ocrx_word' id='word_1_128' title='bbox 583 4200 701 4264; x_wconf 93' lang='lat' dir='ltr'>iterum</span> <span class='ocrx_word' id='word_1_129' title='bbox 731 4199 881 4264; x_wconf 90' lang='lat' dir='ltr'>laudibus</span> <span class='ocrx_word' id='word_1_130' title='bbox 911 4200 1189 4264; x_wconf 76' lang='lat' dir='ltr'>estoumulatusl</span> <span class='ocrx_word' id='word_1_131' title='bbox 1214 4239 1254 4247; x_wconf 92' lang='lat'><em>-</em></span> <span class='ocrx_word' id='word_1_132' title='bbox 1279 4204 1311 4261; x_wconf 95' lang='lat' dir='ltr'>at</span> 
     </span>
     <span class='ocr_line' id='line_1_18' title="bbox 190 4321 1310 4411; baseline 0.001 -25"><span class='ocrx_word' id='word_1_133' title='bbox 190 4321 328 4388; x_wconf 79' lang='lat' dir='ltr'>Graecos</span> <span class='ocrx_word' id='word_1_134' title='bbox 354 4324 549 4411; x_wconf 91' lang='lat' dir='ltr'>Latinosque</span> <span class='ocrx_word' id='word_1_135' title='bbox 572 4324 739 4411; x_wconf 86' lang='lat' dir='ltr'>seriptores</span> <span class='ocrx_word' id='word_1_136' title='bbox 763 4323 821 4388; x_wconf 93' lang='lat' dir='ltr'>ubi</span> <span class='ocrx_word' id='word_1_137' title='bbox 844 4324 1106 4406; x_wconf 83' lang='lat' dir='ltr'>consideraveris,</span> <span class='ocrx_word' id='word_1_138' title='bbox 1130 4346 1194 4410; x_wconf 95' lang='lat' dir='ltr'>quo</span> <span class='ocrx_word' id='word_1_139' title='bbox 1217 4324 1310 4410; x_wconf 93' lang='lat' dir='ltr'>plura</span> 
     </span>
     <span class='ocr_line' id='line_1_19' title="bbox 189 4451 1311 4540; baseline 0.003 -27"><span class='ocrx_word' id='word_1_140' title='bbox 189 4471 247 4537; x_wconf 93' lang='lat' dir='ltr'>per</span> <span class='ocrx_word' id='word_1_141' title='bbox 268 4451 395 4514; x_wconf 85' lang='lat' dir='ltr'>saeeula</span> <span class='ocrx_word' id='word_1_142' title='bbox 417 4451 562 4516; x_wconf 82' lang='lat' dir='ltr'>fortunae</span> <span class='ocrx_word' id='word_1_143' title='bbox 585 4457 621 4516; x_wconf 90' lang='lat' dir='ltr'>ut</span> <span class='ocrx_word' id='word_1_144' title='bbox 644 4452 689 4515; x_wconf 91' lang='lat' dir='ltr'>ita</span> <span class='ocrx_word' id='word_1_145' title='bbox 712 4451 816 4515; x_wconf 91' lang='lat' dir='ltr'>dioam</span> <span class='ocrx_word' id='word_1_146' title='bbox 836 4453 962 4518; x_wconf 90' lang='lat' dir='ltr'>oasibus</span> <span class='ocrx_word' id='word_1_147' title='bbox 981 4453 1097 4540; x_wconf 83' lang='lat' dir='ltr'>objecti</span> <span class='ocrx_word' id='word_1_148' title='bbox 1120 4453 1311 4536; x_wconf 76' lang='lat' dir='ltr'>fuerunteo</span> 
     </span>
    </p>
   </div>
   <div class='ocr_carea' id='block_1_6' title="bbox 0 0 1692 5450">
    <p class='ocr_par' dir='ltr' id='par_1_7' title="bbox 0 0 1692 5450">
     <span class='ocr_line' id='line_1_20' title="bbox 0 0 1692 5450; baseline 0 0"><span class='ocrx_word' id='word_1_149' title='bbox 0 0 1692 5450; x_wconf 95' lang='lat' dir='ltr'> </span> 
     </span>
    </p>
   </div>
  </div>
 </body>
</html>
