3370 5450
744 699 784 763 27

245 911 309 976 Dio
343 909 473 976 Cassius
508 917 615 976 autem
651 911 688 975 L.
726 913 767 976 59
803 909 839 976 C.
875 912 929 995 22,
965 911 1022 976 ubi
1055 910 1222 977 historiam
1245 910 1327 976 hanc

202 1037 308 1121 tradit,
331 1038 378 1102 ita
400 1039 543 1124 scripsit:
567 1037 624 1108 τοίς
643 1063 677 1101 τε
701 1038 841 1119 οὶδείιφοὶς
865 1038 912 1103 ἐπὶ
931 1048 967 1119 τῇ
981 1044 1115 1122 συνουσίᾳ
1127 1041 1216 1102 αὐτοῦ
1228 1040 1257 1109 ἐς
1269 1039 1326 1110 τοις

201 1165 325 1234 Ποντίοις
349 1167 450 1238 ννζσουι
470 1164 615 1237 κοιτέίετο,
640 1165 739 1228 nicotii
761 1165 825 1241 περὶ
845 1167 940 1228 οιύτῶν
960 1166 1012 1229 uui
1035 1165 1133 1241 ἀσεβῆ
1146 1165 1195 1229 aa>
1208 1166 1325 1243 οίσελγῆ

201 1293 241 1370 τῷ
276 1291 405 1371 συνεδρίῳ
440 1290 570 1370 γροίψιις.
609 1289 734 1355 Ultima
768 1291 866 1356 verba
891 1293 937 1356 sic
960 1291 1074 1356 reddo:
1099 1292 1201 1357 multo
1224 1291 1263 1357 de
1286 1293 1327 1357 iis

201 1418 303 1504 impia
325 1425 357 1483 et
380 1417 595 1483 inverecunda
617 1417 658 1482 ad
681 1425 787 1504 patres
810 1418 948 1504 scripsit.

247 1544 317 1621 Quo
359 1545 426 1609 loco
461 1545 574 1610 collato
610 1544 701 1610 valde
734 1543 817 1609 mihi
852 1544 972 1610 arridet
1005 1544 1112 1631 Lipsii
1146 1546 1328 1631 conjectura

201 1671 337 1757 legentis
371 1677 492 1758 stupra.
527 1669 675 1756 Caligula
714 1671 836 1736 scilicet
858 1669 1070 1757 chirographa
1094 1691 1220 1735 reorum
1244 1691 1327 1756 quae

200 1797 312 1862 fraude
332 1797 523 1884 requisierat
542 1819 579 1862 ac
599 1804 710 1884 stupra
729 1797 920 1882 divulgavit.
934 1795 1084 1882 Caligula
1096 1795 1192 1873 ιίσεβῆ
1205 1796 1327 1875 γροίψιις

201 1922 384 2008 divulgavit
406 1922 627 2010 chirographa,
650 1926 766 2001 οίσελρῆ
790 1923 911 2003 opacae
934 1930 1045 2010 stupra
1068 1923 1259 2009 divulgavit.

382 2207 416 2275 0.
441 2207 493 2272 25.
523 2208 639 2274 Ucorio
659 2211 784 2275 νοονιίνοο
805 2209 955 2291 clipeatus
976 2215 1022 2273 est
1044 2230 1139 2294 quarn
1161 2208 1296 2274 enixam.

247 2431 298 2496 Ita
329 2453 372 2496 ex
395 2433 558 2518 plerisque
581 2433 744 2499 codicibus
766 2433 906 2498 Rothius
929 2433 1038 2500 edidit.
1063 2432 1102 2496 In
1126 2432 1328 2498 adnotatione

201 2566 307 2624 tamen
332 2559 442 2624 critica
464 2558 588 2623 addidit
610 2558 705 2625 haec:
730 2581 813 2625 non
847 2560 981 2646 prius
1005 2559 1165 2624 excidisse
1189 2557 1327 2641 videtur,

205 2690 333 2750 secutus
368 2682 645 2771 Oudendorpium,
676 2686 733 2771 qui
764 2686 797 2749 in
821 2706 880 2749 sua
902 2684 1042 2751 editione
1064 2684 1246 2749 adnotarat:
1272 2683 1326 2748 An

199 2811 328 2898 scripsit
361 2808 551 2876 Suetonius:
586 2832 684 2897 quam
718 2832 781 2876 non
804 2813 919 2876 uxorio
942 2813 1071 2876 nomine
1095 2811 1245 2896 dignatus
1268 2817 1326 2896 est,

201 2936 264 3001 nisi
300 2936 442 3018 enixam,
477 2937 548 3002 vel:
580 2936 667 3001 haud
698 2944 772 3002 ante
803 2939 918 3002 uxorio
950 2938 1079 3002 nomine
1103 2937 1254 3022 dignatus
1279 2943 1328 3002 est

199 3082 295 3149 qnam
321 3063 462 3129 enixam.

245 3187 346 3276 Saepe
369 3210 442 3254 cum
467 3189 525 3254 hoc
549 3189 616 3254 loco
640 3189 807 3255 conferunt
830 3188 944 3254 Dionis
968 3187 1072 3254 Cassii
1095 3189 1134 3253 L.
1149 3191 1189 3253 59
1213 3188 1249 3253 C.
1264 3190 1326 3254 23:

246 3316 397 3380 Μίλωνίοιν
422 3317 582 3379 Καισωνίαν
606 3314 728 3393 ἔγημεν,
754 3312 787 3390 {iv
810 3313 939 3395 πρότερον
965 3313 1019 3391 μὲν
1042 3315 1188 3394 ε’μοίχενε,
1210 3319 1276 3379 τότε
1297 3314 1327 3378 δὲ

198 3441 251 3506 aci
282 3443 419 3519 ροιμετίρν
451 3444 625 3514 σοιιίσοισίοιι
657 3441 802 3516 ἠθέλησεν,
834 3443 931 3516 ἐπειδὴ
966 3444 994 3505 ὲν
1025 3441 1134 3519 γοοστρί
1166 3443 1265 3522 ἔσχεν,
1292 3439 1326 3505 ἵν’

198 3569 280 3645 οιύτῷ
303 3567 414 3631 τοιιδίον
438 3567 672 3646 τριακονθήμερον
698 3567 776 3648 rinc.
801 3566 896 3631 Nihil
921 3569 1003 3633 vero'
1015 3568 1072 3631 illa
1092 3569 1327 3655 comparatione

198 3692 321 3759 ostendi
345 3698 448 3779 potest
471 3693 535 3756 nisi
558 3692 695 3758 Dionem
719 3694 813 3758 aliter
835 3693 917 3758 hanc
941 3716 1009 3760 rem
1033 3715 1163 3759 narrare
1186 3715 1223 3758 ac
1246 3692 1325 3758 Sue·

197 3820 334 3885 tonium.
369 3818 457 3900 Quid
481 3821 567 3884 enim
592 3818 764 3885 Suetonius
788 3820 949 3905 intelligat
974 3820 1147 3885 ex·verbis
1170 3839 1254 3905 quae
1277 3839 1326 3883 se·

198 3951 360 4033 quantur:
385 3967 448 4011 uno
471 3952 568 4033 atque
593 3946 703 4012 eodem
727 3946 780 4012 die
804 3954 862 4012 etc.
887 3948 1093 4033 perspicuum
1118 3951 1175 4010 est.

243 4071 375 4137 Codices
409 4078 517 4138 autem
553 4093 615 4136 non
647 4073 776 4137 omnino
799 4073 1011 4138 consentiunt.
1037 4070 1130 4146 Quod
1153 4071 1239 4158 apud
1261 4070 1324 4135 Ro-

194 4199 302 4265 thium
325 4200 464 4286 legimus
487 4202 520 4262 in
545 4199 694 4286 plurimis
719 4199 812 4264 mssis
836 4199 1005 4286 reperitur,
1031 4205 1065 4262 at
1087 4197 1256 4263 Palatinus
1277 4219 1326 4284 pr.

196 4325 311 4391 habet:
347 4325 452 4407 Quam
477 4326 621 4390 omnium
646 4326 761 4390 uxorio
784 4327 913 4390 nomine
937 4325 1087 4411 dignatus
1111 4331 1159 4390 est
1183 4326 1325 4408 enixam.

194 4452 231 4516 In
268 4473 332 4539 qua
365 4452 500 4518 lectione
533 4452 718 4534 „omnium”
742 4458 799 4517 aut
821 4474 890 4518 esse
916 4458 1102 4539 corruptum
1126 4458 1183 4516 aut
1207 4450 1324 4515 falsum
