3370 5450
888 657 929 719 70

333 893 404 938 ros.
418 922 425 938 .
440 921 469 938 ..
506 870 596 936 Haeo
630 870 742 935 saltem
776 869 933 935 sententio
955 868 991 932 iu
1014 872 1199 934 contextum
1222 865 1366 952 quadrat.
1395 864 1460 939 Qui

333 999 420 1064 euim
455 998 602 1084 proxime
636 1001 881 1062 enumerantur:
915 993 1022 1060 Aulus
1046 993 1207 1076 Plautius,
1231 991 1348 1057 Rufius
1372 989 1459 1055 Oris·

334 1124 430 1211 pinus
464 1129 496 1189 et
531 1123 657 1188 Tuscus
687 1143 795 1188 omnes
819 1121 929 1187 eodem
954 1141 1018 1208 quo
1042 1119 1185 1185 Antonio
1207 1118 1343 1184 erimine
1366 1138 1458 1183 socu-

334 1251 396 1328 sati
420 1256 452 1316 et
474 1249 618 1315 domnoti
641 1255 725 1315 sunt.

507 1484 542 1550 0.
566 1484 620 1548 45.
643 1485 738 1550 Nune
750 1485 871 1550 demum
883 1503 983 1566 oporto
995 1483 1246 1548 esseettroderet
1258 1482 1457 1548 modom...

379 1681 456 1750 Ood.
482 1681 697 1748 Memminnus
720 1681 817 1747 hebet
843 1689 894 1764 „et
917 1680 1041 1746 raderet
1061 1680 1222 1764 taudem”‚
1244 1701 1340 1767 quem
1353 1685 1462 1745 eontra

335 1808 492 1874 Rothium
505 1843 509 1854 ·
524 1807 723 1896 sequendum
754 1829 822 1873 esse
854 1813 940 1894 puto.
965 1805 1078 1871 Girrus
1101 1806 1267 1893 oppositus
1291 1811 1339 1870 est
1363 1803 1462 1891 ospiti

335 1939 372 1998 ut
402 1933 557 1998 illudatur
588 1931 720 2017 Neroni,
744 1933 802 2019 qui
825 1954 947 1997 oomem
972 1933 1005 1996 in
1029 1931 1147 2018 gradus
1172 1932 1340 1997 formatam
1362 1929 1461 1996 hobe-

334 2059 399 2142 bot,
423 2060 475 2124 vel
498 2065 535 2124 ut
557 2058 775 2124 Ruhnkenius
797 2059 853 2140 sit,
882 2059 1020 2140 „cirrum
1045 2057 1183 2124 Neronis
1205 2064 1329 2124 statuae
1351 2058 1463 2122 irrisor

336 2185 496 2271 opposuit,
525 2191 562 2249 ut
593 2186 623 2251 ei
648 2185 855 2272 exprobraret
878 2184 1053 2251 citharoedi
1077 2191 1108 2250 et
1131 2185 1274 2250 simulati
1299 2183 1462 2271 Apollinis

336 2310 491 2379 nultum''.
527 2311 623 2376 Nuno
645 2312 775 2377 demum
798 2333 874 2377 rere
896 2332 979 2397 egon
1002 2320 1059 2395 est,
1083 2333 1145 2378 non
1170 2334 1244 2378 oum
1268 2310 1460 2378 oitharoedis

337 2435 391 2500 sed
414 2457 488 2500 oum
511 2435 666 2519 Vindi0e3
691 2435 828 2522 deponet
850 2457 926 2522 ergo
950 2434 1037 2503 Nero
1060 2437 1197 2524 ineptias
1219 2438 1306 2502 istas.

380 2561 466 2636 Quid
498 2563 675 2644 „traderet”
699 2563 859 2649 significet
883 2586 944 2629 uon
970 2564 1072 2631 video.
1098 2562 1161 2629 Oui
1184 2565 1312 2630 tandem
1335 2564 1461 2631 tradere

332 2688 509 2773 jubebatur
531 2689 651 2754 oirrum
676 2689 792 2754 illum?
825 2688 1031 2773 „Traheret’',
1055 2691 1139 2777 quod
1165 2691 1199 2754 iu
1224 2690 1386 2756 nonnullis
1410 2712 1461 2755 oo·

335 2813 462 2880 dioibus
482 2815 641 2901 reperitur
660 2815 763 2901 magis
786 2817 882 2880 etiem
904 2816 1198 2903 interpretationem
1211 2815 1335 2902 effugit.
1349 2815 1461 2881 Solum

341 2938 504 3023 „rederet”
529 2948 684 3028 superest,
709 2941 793 3028 quod
816 2963 912 3007 sensu
935 2942 1087 3008 tondendi
1110 2941 1294 3029 frequenter
1313 2943 1461 3038 ooourrit.

337 3055 445 3142 Quare
475 3067 611 3132 miratus
643 3088 715 3131 sum
738 3066 823 3154 quod
848 3066 1094 3155 Oudendorpius
1118 3068 1262 3155 scripsit:
1286 3089 1349 3134 uon
1373 3069 1461 3134 euim

337 3192 406 3257 redi
440 3192 526 3276 oirri,
561 3192 616 3258 sed
639 3192 773 3277 tonderi,
809 3192 895 3256 trahi
929 3193 981 3258 vel
1014 3191 1099 3257 tradi
1130 3199 1271 3279 possunt.
1294 3191 1359 3258 cfr.
1384 3217 1414 3261 v.
1427 3215 1460 3280 g.

337 3318 431 3386 Mart.
462 3321 501 3384 L.
535 3322 564 3401 6,
597 3319 656 3407 np.
689 3321 749 3384 57:
782 3322 857 3385 det
881 3318 970 3386 Suet.
995 3318 1062 3384 Oal.
1089 3321 1109 3385 5
1137 3321 1283 3406 „regulos
1306 3320 1460 3407 quosdam

336 3447 469 3513 barbam
512 3447 656 3533 posuisse
696 3453 727 3512 et
766 3467 904 3511 uxorum
941 3447 1046 3532 eapite
1080 3447 1195 3511 rosisse
1229 3446 1268 3510 ed
1304 3445 1461 3510 iudicium

339 3571 478 3637 maximi
501 3572 639 3638 luotus”.

382 3697 449 3763 Gur
479 3698 581 3784 igitur
606 3698 683 3763 oirri
705 3718 768 3764 non
792 3697 913 3784 possint
936 3697 1005 3762 redi
1029 3718 1091 3764 non
1117 3697 1211 3764 video
1234 3705 1265 3765 et
1288 3698 1461 3784 legendum

338 3846 466 3891 censeo:
491 3846 575 3890 nuno
598 3824 729 3890 demum
751 3844 854 3909 egone
877 3845 946 3889 esse
969 3830 1001 3889 et
1024 3824 1147 3890 roderet
1169 3823 1307 3889 taudem.

519 4060 553 4127 0.
577 4061 630 4127 48.
655 4060 747 4145 Dein,
770 4061 888 4126 divolsa
909 4063 1047 4127 sentibus
1061 4062 1213 4164 poenula,
1232 4063 1372 4146 trajectos
1390 4083 1462 4126 sur·

561 4188 645 4251 culos
667 4189 756 4251 rosit.

385 4398 577 4464 Aooedimus
601 4399 640 4463 ud
664 4399 780 4484 looum,
804 4398 930 4486 dequo
954 4399 1039 4486 opud
1063 4405 1186 4465 veteres
1210 4398 1346 4465 editores
1359 4399 1461 4464 mults
