3370 5450
943 737 983 799 18

391 957 462 1015 tum
489 956 546 1017 est.
571 950 770 1037 Tarquinius
794 949 925 1014 Priscus
948 948 988 1013 ad
1012 953 1118 1034 patres
1142 954 1265 1014 veteres
1288 969 1386 1013 novos
1410 954 1515 1034 patres

391 1078 528 1164 adlegit3
571 1098 680 1142 recens
722 1075 837 1140 adlecti
871 1075 1067 1140 vocabantur
1101 1082 1206 1160 patres
1242 1075 1403 1139 minorum
1437 1095 1513 1160 gen-

389 1205 483 1288 tium,
508 1211 630 1269 veteres
652 1211 759 1291 patres
784 1204 941 1289 majorum
964 1203 1121 1287 gentium.
1147 1199 1307 1288 Utrosque
1328 1224 1403 1267 vero
1416 1202 1512 1288 patri-

389 1333 454 1397 cios
477 1332 577 1397 fuisse
600 1334 636 1405 in
656 1338 766 1418 aperto
790 1337 847 1413 est,
871 1351 945 1394 nam
970 1337 1074 1416 patres
1098 1351 1155 1394 seu
1177 1336 1283 1416 patres
1303 1329 1443 1393 familias
1456 1329 1511 1392 illa

388 1462 575 1548 praesertim
599 1467 703 1526 aetate
726 1480 787 1524 non
811 1458 869 1522 alii
891 1479 928 1523 ac
953 1457 1080 1544 patricii
1104 1463 1204 1522 erant.
1228 1455 1401 1521 Suetonius
1424 1456 1509 1520 nihi·

387 1587 526 1651 lominus
559 1586 664 1651 addit:
703 1593 830 1672 „postea
861 1582 1017 1649 aServio
1040 1581 1149 1647 Tullio
1172 1583 1206 1646 in
1231 1583 1381 1668 patricias
1404 1582 1508 1667 gentis

385 1711 562 1776 traducta.'’
586 1712 636 1777 De
659 1712 766 1777 verbis
793 1711 846 1792 „in
869 1709 1037 1775 senatum”
1062 1708 1212 1773 dubitant
1234 1715 1344 1773 utrum
1367 1729 1440 1773 cum
1466 1709 1506 1773 iis

385 1859 448 1924 que
470 1837 661 1903 antecedunt
684 1857 724 1900 an
749 1858 822 1902 oum
846 1835 1055 1922 sequentibus
1076 1834 1141 1898 sint
1163 1833 1392 1920 conjungenda.
1416 1849 1423 1872 ⁸

428 1961 586 2028 Nonnulli
609 1984 647 2028 ea
670 1962 804 2028 delenda
827 1968 1029 2028 censuerunt.

427 2087 559 2155 (lodices
585 2095 691 2154 autem
716 2090 883 2154 fluctuant.
907 2088 1039 2153 Praeter
1063 2088 1229 2152 lectionem
1254 2108 1351 2173 supra
1374 2087 1501 2150 allatam

379 2215 413 2279 in
436 2214 543 2280 codice
567 2213 773 2296 Memmiano,
797 2215 830 2277 in
855 2213 979 2278 duobus
1003 2212 1160 2277 Palatinis
1183 2219 1215 2277 et
1238 2211 1322 2277 Med.
1344 2234 1391 2298 pr.
1405 2211 1500 2276 habe·

382 2346 451 2404 tur:
492 2341 594 2422 „inter
628 2341 726 2405 minis
760 2340 903 2426 gentes,”
928 2339 1095 2404 Palatinus
1119 2340 1234 2404 tertius
1256 2339 1369 2405 tradit:
1398 2341 1500 2421 „inter

377 2464 537 2530 Romanas
560 2466 697 2551 gentis.”

421 2589 511 2664 Quae
547 2592 661 2656 ultima
683 2591 787 2675 lectio,
812 2592 889 2678 quia
911 2592 1042 2657 obvium
1067 2614 1196 2657 sensum
1221 2592 1361 2678 praebet,
1387 2592 1497 2656 multis

374 2717 453 2780 viris
488 2715 588 2781 doctis
622 2723 670 2781 est
705 2718 846 2803 probata.
884 2715 972 2781 Gens
1008 2715 1215 2782 Octaviorum
1250 2717 1352 2803 igitur
1374 2738 1394 2781 a
1418 2717 1495 2780 Tar·

372 2842 483 2928 quinio
507 2840 618 2907 Prisco
641 2849 689 2907 est
710 2842 855 2907 Romana
879 2843 970 2926 facta,
995 2865 1015 2907 a
1038 2843 1151 2910 Servio
1174 2844 1283 2909 Tullio
1303 2851 1351 2908 est
1370 2850 1495 2930 recepta

372 2967 456 3032 inter
479 2967 640 3053 patricios.

414 3091 549 3157 Restant
582 3092 687 3158 adhuc
722 3094 820 3159 verba
847 3095 899 3176 „in
923 3096 1101 3161 senatum”.
1126 3095 1278 3161 Lectione
1305 3096 1407 3178 „inter
1429 3095 1494 3160 Ro·

369 3239 478 3282 manas
512 3219 639 3304 gentis''
674 3219 814 3285 admissa
849 3242 911 3286 non
947 3229 1079 3308 possunt
1102 3222 1262 3308 pertinere
1285 3220 1325 3284 ad
1349 3243 1386 3286 ea
1410 3243 1492 3310 quae

367 3344 575 3430 antecedunt3
610 3368 685 3432 ergo
719 3354 776 3412 aut
809 3355 884 3412 sunt
913 3348 1080 3435 jungenda
1113 3369 1186 3412 cum
1223 3349 1490 3434 consequentibus

365 3479 422 3535 aut
455 3471 598 3536 delenda.
630 3470 720 3538 Inter
742 3494 825 3561 quae
848 3474 967 3539 dubius
990 3475 1115 3540 haereo.
1140 3473 1212 3548 Quo
1234 3481 1341 3540 autem
1366 3475 1490 3540 diutius

365 3605 397 3661 et
427 3598 606 3661 accuratius
628 3598 734 3663 loc'um
758 3599 843 3664 hunc
867 3608 973 3666 mente
996 3602 1124 3666 revolvo
1148 3623 1208 3666 non
1235 3602 1384 3667 videntur
1407 3602 1488 3667 mihi

364 3723 461 3787 verba
504 3723 557 3804 „in
595 3725 763 3788 senatu1n”
799 3726 929 3790 omnino
964 3747 1162 3812 supervacua
1196 3751 1275 3794 esse.
1311 3729 1360 3794 Dc
1394 3736 1486 3793 aucto

361 3849 446 3912 enim
483 3869 616 3914 numero
640 3855 823 3914 senatorum
847 3857 879 3916 et
902 3852 1110 3938 patriciorum
1131 3854 1201 3938 jam
1224 3854 1404 3940 antiquitus
1427 3853 1485 3918 du-

360 3972 450 4036 bium
482 3974 680 4058 movebatur,
711 3997 810 4061 quare
842 3974 1014 4042 Suetonius
1037 3976 1178 4061 fortasse,
1204 3986 1240 4044 ut
1263 3981 1484 4066 perspicuitati

357 4099 546 4182 consuleret,
571 4099 688 4165 diserte
709 4101 890 4167 enuntiavit
912 4107 1041 4186 gentem
1063 4099 1229 4169 Octaviam
1249 4104 1289 4168 ad
1309 4111 1483 4191 utrumque

356 4225 507 4290 honorem
531 4248 600 4292 esse
623 4234 815 4313 provectam.
838 4227 943 4302 Quam
964 4228 1004 4294 ob
1023 4250 1151 4294 causam
1172 4231 1200 4294 si
1213 4231 1311 4296 verba
1326 4232 1379 4312 „in
1392 4252 1481 4296 sena·

354 4351 445 4415 tum”
469 4359 595 4416 servata
617 4373 691 4417 cum
715 4354 756 4418 iis
777 4373 858 4440 quae
880 4363 1060 4440 sequuntur
1077 4357 1262 4443 conjungas,
1275 4357 1379 4423 adhuc
1400 4380 1480 4445 opus

354 4497 423 4544 esse
447 4478 575 4544 videtur
596 4480 754 4567 particula
779 4482 862 4564 „et”
