3370 5450
938 707 959 769 4

382 940 419 984 ec
450 924 599 984 mutuans
631 918 700 1004 regi
730 915 843 983 Oarolo
872 905 1028 983 attribuat
1058 940 1140 1005 quae
1170 919 1210 984 de
1234 919 1401 985 duodecim
1425 918 1504 986 an-

381 1032 507 1111 saribus
529 1050 623 1110 autea
647 1052 737 1110 erant
760 1045 950 1133 praedicata.

429 1172 475 1236 At
493 1171 592 1237 medii
611 1171 683 1270 aevi
703 1178 855 1258 tempore,
876 1171 951 1236 licet
963 1172 1115 1256 regnante
1128 1169 1241 1236 Oarolo
1252 1171 1370 1258 Magno
1383 1174 1504 1237 littera·

384 1319 456 1362 rum
491 1297 597 1362 studia
632 1297 808 1381 floruerint,
843 1273 1021 1381 generatim
1055 1301 1162 1360 tamen
1186 1303 1223 1360 ut
1245 1297 1382 1362 aliorum
1406 1298 1506 1384 scrip·

384 1430 489 1489 torum
523 1425 569 1489 sic
603 1444 707 1510 neque
741 1421 888 1488 Suetonii
922 1443 1018 1510 opera
1051 1421 1180 1486 assidue
1215 1422 1414 1506 legebantur.
1450 1422 1506 1486 Pii

385 1550 449 1613 viri
479 1551 563 1615 iutra
586 1549 771 1614 monasterii
793 1549 929 1636 parietes
953 1570 1053 1613 mssos
1075 1548 1322 1633 descripserunt,
1344 1548 1505 1616 interdum

386 1675 426 1740 ad
457 1698 565 1741 eorum
598 1675 764 1762 exemplar
787 1674 956 1739 chronicon
980 1674 1108 1760 aliquod
1133 1675 1185 1739 vel
1207 1676 1506 1740 commentationem

386 1797 608 1890 composuere;
653 1823 754 1888 pauca
790 1808 897 1867 tamen
940 1803 974 1866 in
1017 1801 1189 1867 Occidente
1225 1803 1337 1867 talium
1373 1825 1505 1890 operum
1546 1799 1548 1808 ’

387 1914 533 2015 uestigia,
565 1929 692 2024 etiamsi
714 1934 827 1992 cuncta
851 1928 1080 2014 complectaris,
1108 1933 1290 2015 supersunt.
1322 1926 1441 1996 Contra
1471 1931 1504 1992 in

385 2056 518 2121 Oriente
530 2054 616 2143 apud
627 2053 823 2141 Byzantinos
836 2041 1031 2134 sicessos
1044 2053 1184 2118 studiose
1196 2053 1372 2138 legebatur,
1385 2053 1506 2120 Graece

387 2183 548 2271 prestabat
571 2188 603 2246 et
625 2202 741 2268 magno
764 2182 798 2244 in
821 2180 940 2245 honore
963 2187 1041 2245 erat.
1542 2151 1544 2154 .

431 2307 495 2373 Hic
525 2308 686 2394 quispiam
718 2306 856 2371 dixerit:
888 2307 953 2370 siut
983 2307 1045 2370 ista
1075 2326 1161 2388 vera,
1185 2327 1242 2391 pro
1267 2304 1420 2371 Suetonio
1444 2327 1505 2372 uon

387 2435 548 2500 valebunt.
583 2433 648 2508 Qui
680 2434 767 2498 enim
797 2455 834 2498 eo
864 2448 1006 2520 tempore
1037 2433 1077 2497 de
1100 2455 1163 2520 quo
1187 2455 1290 2498 sermo
1314 2441 1362 2501 est
1384 2435 1507 2499 litteras

385 2563 539 2644 colebant,
568 2561 786 2646 grammaticis
813 2560 1035 2626 rhetoribusve
1058 2559 1158 2624 dediti
1181 2561 1233 2624 vel
1256 2561 1451 2646 excerpendi
1474 2566 1505 2624 et

385 2689 535 2753 imitandi
565 2689 670 2754 studio
700 2689 835 2774 abrepti,
863 2688 1018 2768 omnium,
1042 2687 1196 2773 quiante
1220 2686 1380 2769 vixerant,
1408 2687 1506 2752 Grae·

385 2837 493 2880 corum
530 2814 782 2900 Latinorumque
816 2813 1007 2899 scriptorum
1042 2833 1133 2876 caeco
1163 2833 1271 2876 amore
1303 2812 1505 2892 inflammati,

386 2963 449 3006 nou
466 2941 542 3027 ¹ipsi
565 2961 638 3004 cum
662 2939 724 3004 fide
747 2959 783 3002 ac
805 2937 974 3022 diligentia
991 2921 1191 3022 judicavere.
1215 2935 1254 2999 In
1280 2937 1505 3022 magistrorum

386 3067 483 3132 verba
501 3067 664 3152 jurabant,
688 3086 761 3130 cum
785 3065 849 3151 ipsi
871 3085 932 3128 non
958 3085 994 3158 ea
1018 3063 1160 3128 doctrina
1183 3069 1287 3140 essent
1310 3062 1459 3126 instructi
1472 3068 1508 3125 ut

386 3196 425 3258 de
454 3193 617 3281 scriptoris
647 3213 764 3278 genere
788 3190 947 3256 scribendi
969 3197 1001 3254 et
1023 3190 1147 3275 ingenii
1167 3189 1295 3253 dotibus
1315 3190 1504 3252 sententiam

388 3321 515 3385 ferrent.
541 3318 622 3393 Quis
646 3318 728 3381 mihi
752 3317 941 3382 Suetonium
966 3317 1073 3400 eligat,
1099 3336 1194 3401 quem
1218 3315 1252 3378 in
1273 3314 1507 3380 conscribendis

388 3446 464 3510 vitis
486 3465 598 3530 regum
622 3444 825 3529 potissimum
848 3442 1019 3506 imitatur?
1041 3440 1126 3506 Vide
1149 3442 1219 3526 ejus
1243 3440 1281 3505 de
1307 3439 1381 3503 vitis
1394 3436 1506 3502 (laesa-

389 3594 459 3636 rum
482 3570 591 3635 libros.
616 3568 706 3643 Quae
730 3561 874 3633 maxima
897 3569 1039 3633 fuerant:
1055 3567 1251 3654 reipublicae
1264 3564 1519 3644 administratio,-

387 3697 569 3784 provinciae
597 3694 723 3770 sensim
760 3701 791 3759 et
825 3695 894 3758 siue
925 3713 1019 3758 sensu
1050 3692 1084 3755 in
1116 3712 1250 3777 regnum
1274 3689 1422 3769 adscitae,
1448 3689 1507 3751 im-

386 3823 513 3910 perium
537 3826 757 3908 propagatum,
781 3819 929 3884 instituta
952 3824 984 3882 et
1007 3818 1093 3902 leges
1117 3823 1268 3898 mutatae,
1292 3814 1421 3879 nonnisi
1440 3813 1508 3879 obi·

387 3956 436 4015 ter
470 3955 502 4014 et
533 3968 603 4012 raro
633 3951 929 4012 commemorantur.
958 3937 1022 4008 Pro
1051 3943 1116 4007 illis
1145 3940 1334 4027 cognomina
1356 3948 1389 4005 et
1411 3941 1507 4004 male·

388 4074 481 4156 dicta,
509 4073 575 4160 joci
606 4077 637 4136 et
668 4072 768 4153 lusus,
793 4071 884 4135 aulae
908 4089 1062 4150 rumores,
1086 4067 1376 4131 minutissimarum
1400 4086 1506 4129 rerum

386 4201 480 4285 longo
503 4199 613 4264 ordine
637 4197 844 4277 enumerati0,
869 4197 902 4258 in
926 4195 1045 4281 quibus
1069 4194 1156 4257 nulla
1181 4192 1247 4257 fere
1271 4192 1335 4255 nisi
1355 4191 1506 4254 vitiorum

387 4333 419 4391 st
442 4327 598 4390 virtutum
623 4325 780 4410 separatio
803 4322 949 4386 habetur.
973 4319 1005 4384 N
1007 4341 1043 4384 ec
1065 4319 1167 4383 solum
1181 4338 1248 4382 rem
1261 4316 1439 4380 Romanam
1453 4312 1508 4378 sed

390 4473 431 4517 ne
462 4449 613 4516 Caesares
643 4449 773 4535 quidem
804 4447 982 4534 descripsit.
1010 4443 1108 4508 Sume
1132 4442 1215 4505 mihi
1237 4443 1336 4505 vitam
1361 4439 1508 4505 Neronis.
