3370 5450
749 733 787 795 51

210 949 306 1013 verbs
328 969 401 1012 eum
425 947 578 1034 perierint
601 945 679 1010 adso
703 945 843 1009 mutilati
867 951 941 1009 sunt
954 951 1000 1027 ut,
1013 947 1076 1009 nisi
1091 945 1238 1011 meliores
1251 947 1328 1010 libri
1351 987 1352 990 =

210 1075 313 1139 lucem
337 1073 480 1156 afferant,
504 1073 537 1137 in
561 1078 750 1160 perpetuum
774 1072 911 1157 ealigine
934 1072 1077 1136 obvoluti
1102 1074 1244 1138 mansuri
1257 1075 1330 1138 sint.

391 1319 424 1386 0.
462 1321 492 1384 5.
529 1320 590 1386 seu
618 1331 647 1384 et
670 1323 706 1384 io
728 1321 797 1384 oioe
820 1320 943 1404 Appiae
966 1321 1031 1384 vieo
1053 1327 1178 1404 repente
1195 1341 1332 1405 puerum

432 1448 533 1510 citatio
547 1447 703 1530 jumentis
725 1447 812 1511 baud
833 1448 964 1529 iquorem
986 1447 1118 1511 obtriuit.

257 1631 381 1717 Legsns
416 1632 494 1718 haee
528 1633 617 1697 hassi
651 1634 683 1696 in
715 1632 813 1697 verbo
847 1633 1029 1718 „repente'’,
1061 1632 1146 1718 quod
1169 1634 1333 1719 explicare

213 1779 273 1822 non
298 1764 438 1844 poteram
463 1759 635 1844 statimque
659 1757 751 1840 mihi,
775 1757 859 1844 quod
883 1757 977 1823 eredo
997 1759 1182 1844 unicuique,
1196 1759 1229 1823 in
1244 1782 1331 1825 men-

212 1891 275 1949 tem
312 1885 401 1950 venit
437 1883 651 1969 „repentem”.
682 1879 764 1947 Oum
798 1882 913 1947 deinde
937 1889 1060 1948 veteres
1082 1883 1237 1948 editiones
1260 1905 1333 1949 eon-

214 2011 340 2093 ferrem‚
367 2011 436 2095 jam
467 2015 560 2073 antea
590 2009 707 2072 multos
731 2010 764 2072 in
788 2009 921 2074 eandem
945 2011 1160 2096 conjecturam
1184 2011 1335 2076 incidisse

215 2134 292 2200 vidi.
316 2134 436 2199 Nullus
456 2156 531 2220 ergo
543 2134 730 2198 dubitabam
743 2135 823 2230 quin
835 2147 918 2200 esset
930 2137 1101 2222 legendum
1119 2140 1334 2224 „repentem''.

257 2262 403 2326 Fuerunt
436 2267 542 2326 tamen
577 2260 634 2345 qui
668 2282 777 2324 vocem
806 2263 975 2348 „repente”
1000 2271 1093 2328 aoute
1116 2270 1147 2328 et
1171 2265 1335 2350 ingeniose

214 2387 413 2452 defenderint
447 2385 651 2472 perhibentes
691 2388 861 2472 „repente”
886 2409 954 2453 esse
979 2388 1181 2454 referendum
1205 2389 1245 2453 ad
1272 2392 1334 2471 „oi-

213 2515 308 2579 tatis'’
332 2521 365 2578 et
387 2512 614 2599 explicandum
642 2520 791 2600 „repente
814 2514 918 2578 eitatis
938 2517 1128 2600 jumentis”.
1152 2515 1335 2602 Disjunetio

213 2641 359 2707 adverbii
388 2640 557 2726 „repente”
581 2646 612 2704 et
635 2639 799 2726 partieipii
825 2640 969 2720 „citatis”
993 2661 1069 2705 sane
1092 2640 1168 2705 huie
1190 2642 1332 2728 expliea-

212 2767 328 2832 eationi
361 2788 423 2830 non
459 2767 579 2849 obstat3
615 2771 647 2828 at
680 2765 770 2829 aliud
793 2764 872 2851 quid
897 2765 993 2852 idque
1017 2767 1119 2831 multo
1141 2768 1272 2852 gravius
1296 2789 1336 2833 ne

211 2895 299 2958 illam
325 2893 619 2980 interpretationem
643 2891 850 2957 admittamus
874 2891 1030 2978 prohibet.
1053 2891 1215 2957 Domitius
1235 2893 1337 2979 igitur

211 3027 341 3106 repente
375 3020 480 3083 citatis
510 3019 667 3105 jumentis
702 3040 838 3105 puerum
863 3019 896 3082 in
920 3020 973 3083 via
996 3020 1130 3084 obtrivit
1152 3019 1249 3106 idque
1271 3042 1333 3086 non

211 3148 351 3233 ignarus.
388 3145 512 3210 Ultima
545 3145 653 3226 verba,
689 3145 717 3209 si
751 3145 868 3231 legeris
902 3146 1074 3232 „repente”
1107 3146 1201 3232 plane
1223 3169 1334 3234 super-

212 3294 312 3338 vacua
345 3279 429 3337 sunt.
464 3272 517 3336 Ex
552 3293 589 3336 eo
623 3273 708 3337 enim
741 3271 826 3358 quod
850 3272 1014 3336 Domitius
1038 3280 1168 3359 repente
1186 3275 1335 3359 jumenta

211 3400 323 3465 citavit
360 3405 493 3486 apparet
527 3420 588 3463 non
624 3399 788 3484 inopinato
823 3398 877 3463 sed
911 3399 1055 3464 consulto
1088 3401 1179 3465 triste
1214 3401 1332 3465 factum

210 3526 372 3591 aooidisse.

256 3651 362 3726 Quare
393 3660 533 3717 veterem
557 3652 810 3718 emendationem
835 3658 943 3716 eontra
966 3653 1156 3718 recentiores
1180 3653 1330 3718 tuendam

208 3800 279 3843 esse
301 3798 422 3843 censeo.

390 4015 430 4118 0.ι
460 4015 491 4078 5.
526 4015 663 4078 Notatus
694 4015 729 4079 ob
752 4015 827 4079 boec
850 4022 879 4080 et
901 4017 1017 4080 sororis
1027 4017 1106 4098 joce,
1129 4019 1330 4101 querentibus

430 4142 561 4204 domimo
602 4140 774 4224 factionum
813 4144 1081 4225 repraesentando
1115 4147 1262 4224 proemio
1295 4147 1330 4209 io

424 4272 585 4349 posterum
609 4268 727 4333 sonuit.

255 4474 358 4540 Multa
391 4475 444 4540 hio
474 4476 573 4541 dubia
602 4483 750 4562 surgunt.
783 4476 947 4551 Quomodo
970 4480 1085 4545 sororis
1105 4482 1197 4566 joous
1221 4487 1330 4546 notare
