3370 5450
922 705 963 767 22

384 921 466 986 sima
489 919 665 986 mutatione
688 919 823 1005 receptis
846 919 891 982 ite
914 919 1018 1004 leges:
1043 919 1133 1005 ponit
1156 917 1284 984 assidue
1401 923 1433 983 et
1451 938 1508 1003 pro

387 1047 475 1133 pullo
499 1045 724 1133 pulleiaoeum.

430 1172 536 1248 Quam
567 1172 660 1237 faoile
684 1172 718 1235 in
740 1171 835 1236 mssis
861 1178 912 1251 „et
934 1171 1012 1257 pro’'
1039 1197 1078 1230 =
1104 1172 1131 1235 dr
1154 1193 1175 1257 p
1198 1171 1288 1235 abire
1311 1168 1451 1256 potuerit
1473 1170 1508 1233 iu

385 1322 426 1388 ap
451 1327 491 1358 ·:.
514 1298 610 1386 apud„
634 1319 727 1364 nomo
750 1318 812 1364 non
838 1296 934 1362 videt.

566 1587 592 1653 0
615 1587 666 1650 99.
690 1591 797 1650 erecto
811 1586 946 1668 joeoooli
967 1585 1087 1649 licentio
1106 1585 1333 1666 diripiendique
1350 1605 1509 1664 pomorum
1552 1591 1555 1598 '

609 1718 638 1776 et
659 1711 852 1777 obsoniorum
875 1732 1044 1796 rerumque
1067 1711 1208 1775 missilia.

428 1936 479 2001 Ite
509 1936 671 2003 nonnullis
702 1935 865 2001 oodioibus
895 1934 995 2000 fretus
1022 1934 1161 2000 Rothius
1185 1933 1295 1998 edidit.
1319 1931 1412 2007 Quod
1435 1953 1508 1997 oum

385 2062 523 2148 legerem
556 2061 664 2126 stetim
696 2060 786 2126 hsesi
817 2061 850 2126 in
873 2061 1055 2126 soousativo
1081 2059 1267 2142 „missilis“„
1292 2059 1394 2145 posito
1412 2059 1510 2144 juxta

385 2189 544 2274 genitivos
590 2208 775 2275 „pomorum
811 2194 843 2251 et
875 2187 1113 2253 obsoniorum”.
1149 2185 1181 2250 N
1183 2192 1235 2252 oto
1270 2193 1317 2250 est
1346 2185 1403 2250 illa
1436 2205 1509 2249 eon·

387 2314 529 2397 structio,
560 2333 624 2400 qus
654 2319 725 2400 post
753 2311 905 2398 gerundii
926 2312 1106 2397 genitivum
1130 2311 1325 2397 singularem
1349 2310 1509 2396 objeotum

386 2440 533 2528 sequitur
566 2439 710 2525 genitivo
733 2438 861 2526 plurali.
884 2437 1012 2502 Durum
1035 2460 1111 2504 vero
1133 2438 1253 2524 legenti
1277 2437 1359 2501 mihi
1382 2436 1511 2502 videtur

387 2568 419 2634 tt
445 2567 604 2653 genitivos
628 2567 660 2633 et
683 2567 900 2632 aoousativum
924 2566 1129 2652 subjungere.
1155 2563 1412 2651 Oudendorpius,
1435 2585 1508 2629 oum

387 2695 421 2758 in
449 2694 611 2758 nonnullis
635 2693 729 2758 mssis
753 2692 924 2780 reperisset
946 2692 1164 2757 aecusativum
1192 2690 1380 2774 „missilia”,
1405 2691 1509 2777 suspi-

386 2826 475 2884 oatus
509 2827 557 2884 est
599 2840 791 2906 „rerumque
824 2818 983 2883 similium
1007 2819 1185 2884 missilia”.
1221 2817 1324 2905 Oujus
1359 2816 1508 2904 equidem

386 2946 586 3030 oonjeoturee
617 2945 773 3010 rationem
804 2950 853 3008 sat
876 2944 1022 3009 idoneam
1046 2945 1193 3009 invenire
1216 2966 1278 3009 nou
1302 2944 1403 3030 potui.
1427 2940 1510 3008 Sane

387 3091 470 3157 quae
493 3070 603 3135 attulit
624 3069 791 3156 exempla:
817 3067 919 3154 Oalig.
948 3070 986 3132 18
1010 3070 1166 3151 „missilia
1187 3070 1348 3134 variarum
1370 3069 1509 3150 rerum”,

387 3196 475 3262 Nero
505 3200 542 3260 ll
580 3197 744 3278 „omnium
768 3217 876 3262 rerum
900 3197 1068 3280 missilia”,
1092 3197 1204 3262 Domit
1226 3204 1246 3260 4
1274 3219 1386 3278 „omne
1408 3217 1510 3281 genus

388 3345 496 3388 rerum
521 3323 688 3405 missilia”„
713 3323 883 3388 ostendunt
906 3324 1162 3409 conjunctionem
1186 3323 1357 3388 verborum
1383 3345 1510 3404 „rerum

388 3449 545 3514 similium
582 3449 738 3513 missilia”
770 3471 790 3513 a
821 3450 933 3534 lingua
957 3450 1074 3514 Latina
1097 3472 1158 3516 nou
1182 3451 1363 3535 abhorrere„
1387 3456 1420 3514 at
1444 3472 1510 3515 mo·

387 3576 486 3641 lestus
509 3577 711 3640 aecusativus
739 3576 915 3657 „missilia”
938 3585 1100 3642 monetet
1123 3577 1265 3643 offendit.

432 3701 581 3788 Denique
615 3701 773 3786 quomodo
808 3702 940 3768 verbum
976 3704 1173 3784 „similium”
1198 3705 1347 3770 excidere
1371 3705 1510 3791 potuerit

387 3850 449 3894 non
485 3828 586 3894 video,
622 3826 738 3894 Nonne
773 3829 873 3894 multo
904 3830 1084 3916 simplicius
1109 3838 1252 3896 osteum
1277 3833 1419 3917 antiquis
1443 3831 1510 3896 edi·

386 3956 510 4021 toribus
533 3955 639 4041 legere
665 3977 857 4043 „rerumque
881 3957 1104 4022 missilium’?
1127 3956 1194 4022 Gur
1213 3960 1372 4025 enimnon
1387 3958 1510 4024 dixeris

392 4103 461 4163 „res
485 4081 643 4147 missiles”
669 4104 725 4168 pro
749 4082 844 4147 robus
867 4104 950 4169 quae
974 4084 1147 4149 mittuntur
1166 4085 1363 4168 absentibus„
1383 4085 1510 4149 utalibi

387 4210 488 4274 telum
524 4209 655 4290 missile„
690 4209 811 4275 ferrum
844 4210 965 4275 missile
996 4217 1055 4276 ete.
1087 4210 1189 4276 Oredo
1213 4212 1315 4297 igitur
1337 4211 1508 4297 legendum

388 4358 474 4403 esse:
511 4336 727 4404 ...lieentia
762 4337 1000 4425 diripiendique
1037 4359 1203 4425 pomorum
1240 4346 1272 4404 et
1306 4325 1508 4404 obsoniorum

388 4482 561 4547 rerumque
584 4462 767 4526 missilium.
