<?xml version="1.0" encoding="UTF-8"?>
<!DOCTYPE html PUBLIC "-//W3C//DTD XHTML 1.0 Transitional//EN"
    "http://www.w3.org/TR/xhtml1/DTD/xhtml1-transitional.dtd">
<html xmlns="http://www.w3.org/1999/xhtml" xml:lang="en" lang="en">
 <head>
  <title>
</title>
<meta http-equiv="Content-Type" content="text/html;charset=utf-8" />
  <meta name='ocr-system' content='tesseract 3.04.00' />
  <meta name='ocr-capabilities' content='ocr_page ocr_carea ocr_par ocr_line ocrx_word'/>
</head>
<body>
  <div class='ocr_page' id='page_1' title='image "./annotationescri00veldgoog_0025.png"; bbox 0 0 3370 5450; ppageno 0'>
   <div class='ocr_carea' id='block_1_1' title="bbox 911 723 951 785">
    <p class='ocr_par' dir='ltr' id='par_1_1' title="bbox 911 723 951 785">
     <span class='ocr_line' id='line_1_1' title="bbox 911 723 951 785; baseline -0.025 0"><span class='ocrx_word' id='word_1_1' title='bbox 911 723 951 785; x_wconf 89' lang='grc'>14</span> 
     </span>
    </p>
   </div>
   <div class='ocr_carea' id='block_1_2' title="bbox 363 933 1493 2412">
    <p class='ocr_par' dir='ltr' id='par_1_2' title="bbox 363 933 1493 2412">
     <span class='ocr_line' id='line_1_2' title="bbox 412 933 1490 1021; baseline 0.005 -25"><span class='ocrx_word' id='word_1_2' title='bbox 412 933 457 999; x_wconf 87' lang='lat' dir='ltr'>At</span> <span class='ocrx_word' id='word_1_3' title='bbox 480 934 653 1021; x_wconf 79' lang='lat' dir='ltr'>quominus</span> <span class='ocrx_word' id='word_1_4' title='bbox 677 933 933 999; x_wconf 72' lang='lat' dir='ltr'>emendationem</span> <span class='ocrx_word' id='word_1_5' title='bbox 956 934 1045 998; x_wconf 89' lang='lat' dir='ltr'>illam</span> <span class='ocrx_word' id='word_1_6' title='bbox 1066 935 1273 1001; x_wconf 89' lang='lat' dir='ltr'>admittamus</span> <span class='ocrx_word' id='word_1_7' title='bbox 1294 935 1397 1002; x_wconf 88' lang='lat' dir='ltr'>obstat</span> <span class='ocrx_word' id='word_1_8' title='bbox 1416 957 1490 1001; x_wconf 91' lang='lat' dir='ltr'>auo-</span> 
     </span>
     <span class='ocr_line' id='line_1_3' title="bbox 367 1057 1487 1146; baseline 0.001 -23"><span class='ocrx_word' id='word_1_9' title='bbox 367 1061 477 1124; x_wconf 90' lang='lat' dir='ltr'>toritas</span> <span class='ocrx_word' id='word_1_10' title='bbox 508 1060 633 1143; x_wconf 87' lang='lat' dir='ltr'>Dionis,</span> <span class='ocrx_word' id='word_1_11' title='bbox 665 1061 723 1146; x_wconf 92' lang='lat' dir='ltr'>qni</span> <span class='ocrx_word' id='word_1_12' title='bbox 754 1060 792 1124; x_wconf 91' lang='lat' dir='ltr'>L.</span> <span class='ocrx_word' id='word_1_13' title='bbox 818 1061 860 1122; x_wconf 90' lang='grc'>44</span> <span class='ocrx_word' id='word_1_14' title='bbox 886 1057 921 1123; x_wconf 84' lang='lat' dir='ltr'>O.</span> <span class='ocrx_word' id='word_1_15' title='bbox 950 1063 965 1122; x_wconf 75' lang='lat'>7</span> <span class='ocrx_word' id='word_1_16' title='bbox 993 1059 1070 1124; x_wconf 84' lang='lat' dir='ltr'>haee</span> <span class='ocrx_word' id='word_1_17' title='bbox 1093 1060 1207 1125; x_wconf 89' lang='lat' dir='ltr'>habet:</span> <span class='ocrx_word' id='word_1_18' title='bbox 1231 1061 1336 1138; x_wconf 71' lang='grc' dir='ltr'><em>ἀμέλει</em></span> <span class='ocrx_word' id='word_1_19' title='bbox 1360 1061 1411 1124; x_wconf 78' lang='lat' dir='ltr'>nai</span> <span class='ocrx_word' id='word_1_20' title='bbox 1435 1087 1487 1138; x_wconf 74' lang='grc' dir='ltr'>γυ-</span> 
     </span>
     <span class='ocr_line' id='line_1_4' title="bbox 367 1183 1490 1269; baseline 0.003 -22"><span class='ocrx_word' id='word_1_21' title='bbox 367 1183 459 1254; x_wconf 69' lang='grc' dir='ltr'><em>ναιξὶν</em></span> <span class='ocrx_word' id='word_1_22' title='bbox 494 1185 574 1257; x_wconf 71' lang='grc' dir='ltr'><em>ὅσαις</em></span> <span class='ocrx_word' id='word_1_23' title='bbox 610 1185 645 1248; x_wconf 77' lang='lat' dir='ltr'>dr</span> <span class='ocrx_word' id='word_1_24' title='bbox 680 1186 799 1266; x_wconf 62' lang='grc' dir='ltr'>ἐθελήσῃ</span> <span class='ocrx_word' id='word_1_25' title='bbox 833 1193 956 1248; x_wconf 68' lang='grc' dir='ltr'>συνεῖναι</span> <span class='ocrx_word' id='word_1_26' title='bbox 988 1187 1011 1249; x_wconf 84' lang='lat' dir='ltr'>oi</span> <span class='ocrx_word' id='word_1_27' title='bbox 1034 1184 1205 1261; x_wconf 68' lang='grc' dir='ltr'>ἐτόλμησάν</span> <span class='ocrx_word' id='word_1_28' title='bbox 1229 1209 1302 1256; x_wconf 80' lang='grc' dir='ltr'><em>τινες</em></span> <span class='ocrx_word' id='word_1_29' title='bbox 1327 1187 1490 1269; x_wconf 60' lang='lat' dir='ltr'>introibat,</span> 
     </span>
     <span class='ocr_line' id='line_1_5' title="bbox 367 1310 1491 1395; baseline 0 -19"><span class='ocrx_word' id='word_1_30' title='bbox 367 1311 409 1376; x_wconf 73' lang='grc' dir='ltr'>ὅτι</span> <span class='ocrx_word' id='word_1_31' title='bbox 440 1321 567 1384; x_wconf 77' lang='grc' dir='ltr'>πολλαῖς</span> <span class='ocrx_word' id='word_1_32' title='bbox 591 1314 643 1376; x_wconf 73' lang='grc' dir='ltr'>καὶ</span> <span class='ocrx_word' id='word_1_33' title='bbox 666 1312 732 1376; x_wconf 80' lang='grc' dir='ltr'><em>τότε</em></span> <span class='ocrx_word' id='word_1_34' title='bbox 756 1313 807 1395; x_wconf 78' lang='grc' dir='ltr'>ἔτι,</span> <span class='ocrx_word' id='word_1_35' title='bbox 832 1313 934 1390; x_wconf 76' lang='grc' dir='ltr'><em>καίπερ</em></span> <span class='ocrx_word' id='word_1_36' title='bbox 958 1313 1203 1386; x_wconf 59' lang='grc' dir='ltr'>πεντηκονταέτης</span> <span class='ocrx_word' id='word_1_37' title='bbox 1227 1315 1274 1395; x_wconf 70' lang='grc' dir='ltr'>ὤν,</span> <span class='ocrx_word' id='word_1_38' title='bbox 1298 1313 1413 1391; x_wconf 75' lang='grc' dir='ltr'><em>ἐχρῆτο.</em></span> <span class='ocrx_word' id='word_1_39' title='bbox 1440 1310 1491 1376; x_wconf 92' lang='lat' dir='ltr'>Ob</span> 
     </span>
     <span class='ocr_line' id='line_1_6' title="bbox 368 1438 1490 1524; baseline 0 -21"><span class='ocrx_word' id='word_1_40' title='bbox 368 1460 450 1524; x_wconf 90' lang='lat' dir='ltr'>quae</span> <span class='ocrx_word' id='word_1_41' title='bbox 476 1439 572 1504; x_wconf 85' lang='lat' dir='ltr'>verba</span> <span class='ocrx_word' id='word_1_42' title='bbox 596 1439 710 1504; x_wconf 91' lang='lat' dir='ltr'>Dionis</span> <span class='ocrx_word' id='word_1_43' title='bbox 734 1440 791 1503; x_wconf 91' lang='lat' dir='ltr'>alii</span> <span class='ocrx_word' id='word_1_44' title='bbox 819 1439 955 1520; x_wconf 85' lang='lat' dir='ltr'>„vellet”</span> <span class='ocrx_word' id='word_1_45' title='bbox 982 1438 1184 1503; x_wconf 90' lang='lat' dir='ltr'>retinendum</span> <span class='ocrx_word' id='word_1_46' title='bbox 1206 1445 1490 1524; x_wconf 84' lang='lat' dir='ltr'>essepntaverunt.</span> 
     </span>
     <span class='ocr_line' id='line_1_7' title="bbox 369 1565 1489 1651; baseline 0 -23"><span class='ocrx_word' id='word_1_47' title='bbox 369 1565 537 1651; x_wconf 90' lang='lat' dir='ltr'>Disorepat</span> <span class='ocrx_word' id='word_1_48' title='bbox 559 1572 666 1629; x_wconf 88' lang='lat' dir='ltr'>autem</span> <span class='ocrx_word' id='word_1_49' title='bbox 691 1567 829 1629; x_wconf 87' lang='lat' dir='ltr'>narratio</span> <span class='ocrx_word' id='word_1_50' title='bbox 854 1565 968 1630; x_wconf 91' lang='lat' dir='ltr'>Dionis</span> <span class='ocrx_word' id='word_1_51' title='bbox 992 1565 1086 1629; x_wconf 91' lang='lat' dir='ltr'>etiam</span> <span class='ocrx_word' id='word_1_52' title='bbox 1113 1565 1176 1628; x_wconf 90' lang='lat' dir='ltr'>alia</span> <span class='ocrx_word' id='word_1_53' title='bbox 1196 1587 1238 1629; x_wconf 85' lang='lat' dir='ltr'>ex</span> <span class='ocrx_word' id='word_1_54' title='bbox 1252 1571 1489 1651; x_wconf 87' lang='lat' dir='ltr'>partearerum</span> 
     </span>
     <span class='ocr_line' id='line_1_8' title="bbox 368 1680 1491 1776; baseline 0 -22"><span class='ocrx_word' id='word_1_55' title='bbox 368 1680 462 1771; x_wconf 77' lang='lat' dir='ltr'>statu,</span> <span class='ocrx_word' id='word_1_56' title='bbox 487 1691 592 1776; x_wconf 89' lang='lat' dir='ltr'>qualis</span> <span class='ocrx_word' id='word_1_57' title='bbox 615 1712 634 1754; x_wconf 93' lang='lat' dir='ltr'>a</span> <span class='ocrx_word' id='word_1_58' title='bbox 658 1689 810 1755; x_wconf 80' lang='lat' dir='ltr'>Suetonio</span> <span class='ocrx_word' id='word_1_59' title='bbox 834 1691 1016 1775; x_wconf 84' lang='lat' dir='ltr'>exponitur.</span> <span class='ocrx_word' id='word_1_60' title='bbox 1042 1689 1140 1775; x_wconf 87' lang='lat' dir='ltr'><strong>Apud</strong></span> <span class='ocrx_word' id='word_1_61' title='bbox 1166 1690 1391 1776; x_wconf 75' lang='lat' dir='ltr'>Tranquillum</span> <span class='ocrx_word' id='word_1_62' title='bbox 1405 1693 1491 1754; x_wconf 91' lang='lat' dir='ltr'>enim</span> 
     </span>
     <span class='ocr_line' id='line_1_9' title="bbox 363 1814 1491 1902; baseline -0.003 -22"><span class='ocrx_word' id='word_1_63' title='bbox 363 1818 458 1902; x_wconf 86' lang='lat' dir='ltr'>jussu</span> <span class='ocrx_word' id='word_1_64' title='bbox 483 1814 628 1880; x_wconf 76' lang='lat' dir='ltr'>Caesaris</span> <span class='ocrx_word' id='word_1_65' title='bbox 651 1817 706 1880; x_wconf 85' lang='lat' dir='ltr'>lex</span> <span class='ocrx_word' id='word_1_66' title='bbox 729 1815 839 1896; x_wconf 84' lang='lat' dir='ltr'>fertur,</span> <span class='ocrx_word' id='word_1_67' title='bbox 865 1815 927 1879; x_wconf 92' lang='lat' dir='ltr'>Dio</span> <span class='ocrx_word' id='word_1_68' title='bbox 952 1838 1025 1880; x_wconf 86' lang='lat' dir='ltr'>vero</span> <span class='ocrx_word' id='word_1_69' title='bbox 1049 1815 1146 1880; x_wconf 79' lang='lat' dir='ltr'>tradit</span> <span class='ocrx_word' id='word_1_70' title='bbox 1169 1817 1337 1880; x_wconf 91' lang='lat' dir='ltr'>nonnullos</span> <span class='ocrx_word' id='word_1_71' title='bbox 1362 1814 1491 1882; x_wconf 81' lang='lat' dir='ltr'>Caesari</span> 
     </span>
     <span class='ocr_line' id='line_1_10' title="bbox 369 1941 1491 2028; baseline -0.003 -22"><span class='ocrx_word' id='word_1_72' title='bbox 369 1943 553 2028; x_wconf 86' lang='lat' dir='ltr'>permittere</span> <span class='ocrx_word' id='word_1_73' title='bbox 584 1962 677 2006; x_wconf 90' lang='lat' dir='ltr'>ausos</span> <span class='ocrx_word' id='word_1_74' title='bbox 706 1963 774 2006; x_wconf 89' lang='lat' dir='ltr'>esse</span> <span class='ocrx_word' id='word_1_75' title='bbox 798 1947 834 2004; x_wconf 91' lang='lat' dir='ltr'>ut</span> <span class='ocrx_word' id='word_1_76' title='bbox 858 1942 965 2026; x_wconf 88' lang='lat' dir='ltr'>plures</span> <span class='ocrx_word' id='word_1_77' title='bbox 990 1941 1089 2005; x_wconf 89' lang='lat' dir='ltr'>simul</span> <span class='ocrx_word' id='word_1_78' title='bbox 1113 1963 1230 2006; x_wconf 85' lang='lat' dir='ltr'>uxores</span> <span class='ocrx_word' id='word_1_79' title='bbox 1254 1941 1392 2005; x_wconf 89' lang='lat' dir='ltr'>duoeret.</span> <span class='ocrx_word' id='word_1_80' title='bbox 1418 1941 1491 2004; x_wconf 87' lang='lat' dir='ltr'>Non</span> 
     </span>
     <span class='ocr_line' id='line_1_11' title="bbox 369 2067 1492 2154; baseline -0.004 -21"><span class='ocrx_word' id='word_1_81' title='bbox 369 2091 443 2154; x_wconf 85' lang='lat' dir='ltr'>ergo</span> <span class='ocrx_word' id='word_1_82' title='bbox 479 2068 616 2142; x_wconf 88' lang='lat' dir='ltr'>Dionem</span> <span class='ocrx_word' id='word_1_83' title='bbox 652 2069 685 2130; x_wconf 91' lang='lat' dir='ltr'>in</span> <span class='ocrx_word' id='word_1_84' title='bbox 718 2068 777 2132; x_wconf 87' lang='lat' dir='ltr'>hae</span> <span class='ocrx_word' id='word_1_85' title='bbox 806 2068 941 2132; x_wconf 84' lang='lat' dir='ltr'>lectione</span> <span class='ocrx_word' id='word_1_86' title='bbox 964 2067 1132 2132; x_wconf 88' lang='lat' dir='ltr'>statuenda</span> <span class='ocrx_word' id='word_1_87' title='bbox 1156 2090 1173 2132; x_wconf 93' lang='lat' dir='ltr'>e</span> <span class='ocrx_word' id='word_1_88' title='bbox 1199 2068 1334 2154; x_wconf 85' lang='lat' dir='ltr'>vestigio</span> <span class='ocrx_word' id='word_1_89' title='bbox 1357 2089 1492 2153; x_wconf 88' lang='lat' dir='ltr'>sequen-</span> 
     </span>
     <span class='ocr_line' id='line_1_12' title="bbox 369 2192 1491 2278; baseline -0.002 -20"><span class='ocrx_word' id='word_1_90' title='bbox 369 2196 446 2259; x_wconf 92' lang='lat' dir='ltr'>dum</span> <span class='ocrx_word' id='word_1_91' title='bbox 482 2194 574 2259; x_wconf 88' lang='lat' dir='ltr'>oredo</span> <span class='ocrx_word' id='word_1_92' title='bbox 609 2193 664 2257; x_wconf 89' lang='lat' dir='ltr'>sed</span> <span class='ocrx_word' id='word_1_93' title='bbox 698 2215 772 2257; x_wconf 87' lang='lat' dir='ltr'>oum</span> <span class='ocrx_word' id='word_1_94' title='bbox 807 2192 969 2257; x_wconf 88' lang='lat' dir='ltr'>oodioibus</span> <span class='ocrx_word' id='word_1_95' title='bbox 1005 2215 1083 2278; x_wconf 89' lang='lat' dir='ltr'>quos</span> <span class='ocrx_word' id='word_1_96' title='bbox 1114 2194 1277 2257; x_wconf 90' lang='lat' dir='ltr'>nominavi</span> <span class='ocrx_word' id='word_1_97' title='bbox 1301 2192 1491 2277; x_wconf 84' lang='lat' dir='ltr'>legendum:</span> 
     </span>
     <span class='ocr_line' id='line_1_13' title="bbox 470 2317 1493 2412; baseline -0.002 -28.18"><span class='ocrx_word' id='word_1_98' title='bbox 470 2327 506 2384; x_wconf 95' lang='lat' dir='ltr'>ut</span> <span class='ocrx_word' id='word_1_99' title='bbox 530 2340 647 2383; x_wconf 85' lang='lat' dir='ltr'>uxores</span> <span class='ocrx_word' id='word_1_100' title='bbox 670 2318 843 2381; x_wconf 87' lang='lat' dir='ltr'>liberorum</span> <span class='ocrx_word' id='word_1_101' title='bbox 869 2317 1122 2402; x_wconf 89' lang='lat' dir='ltr'>quaerendorum</span> <span class='ocrx_word' id='word_1_102' title='bbox 1146 2339 1242 2381; x_wconf 84' lang='lat' dir='ltr'>eausa</span> <span class='ocrx_word' id='word_1_103' title='bbox 1265 2339 1344 2404; x_wconf 91' lang='lat' dir='ltr'>quas</span> <span class='ocrx_word' id='word_1_104' title='bbox 1364 2326 1396 2382; x_wconf 91' lang='lat' dir='ltr'>et</span> <span class='ocrx_word' id='word_1_105' title='bbox 1416 2325 1493 2412; x_wconf 78' lang='lat' dir='ltr'>quot</span> 
     </span>
    </p>
   </div>
   <div class='ocr_carea' id='block_1_3' title="bbox 371 2445 768 2513">
    <p class='ocr_par' dir='ltr' id='par_1_3' title="bbox 371 2445 768 2513">
     <span class='ocr_line' id='line_1_14' title="bbox 371 2445 768 2513; baseline -0.015 -1"><span class='ocrx_word' id='word_1_106' title='bbox 371 2448 488 2513; x_wconf 87' lang='lat' dir='ltr'>vellent</span> <span class='ocrx_word' id='word_1_107' title='bbox 513 2446 629 2510; x_wconf 90' lang='lat' dir='ltr'>duoere</span> <span class='ocrx_word' id='word_1_108' title='bbox 652 2445 768 2510; x_wconf 85' lang='lat' dir='ltr'>lioeret.</span> 
     </span>
    </p>
   </div>
   <div class='ocr_carea' id='block_1_4' title="bbox 554 2717 1492 2798">
    <p class='ocr_par' dir='ltr' id='par_1_4' title="bbox 554 2717 1492 2798">
     <span class='ocr_line' id='line_1_15' title="bbox 554 2717 1492 2798; baseline -0.006 -12"><span class='ocrx_word' id='word_1_109' title='bbox 554 2721 588 2786; x_wconf 83' lang='lat'>0.</span> <span class='ocrx_word' id='word_1_110' title='bbox 625 2719 676 2782; x_wconf 81' lang='lat'>56.</span> <span class='ocrx_word' id='word_1_111' title='bbox 716 2720 875 2782; x_wconf 77' lang='lat' dir='ltr'>Feruntur</span> <span class='ocrx_word' id='word_1_112' title='bbox 908 2726 935 2781; x_wconf 83' lang='lat' dir='ltr'>et</span> <span class='ocrx_word' id='word_1_113' title='bbox 969 2741 990 2781; x_wconf 87' lang='lat' dir='ltr'>o</span> <span class='ocrx_word' id='word_1_114' title='bbox 1018 2739 1117 2798; x_wconf 82' lang='lat' dir='ltr'>puero</span> <span class='ocrx_word' id='word_1_115' title='bbox 1147 2725 1176 2782; x_wconf 86' lang='lat' dir='ltr'>et</span> <span class='ocrx_word' id='word_1_116' title='bbox 1198 2719 1236 2781; x_wconf 86' lang='lat' dir='ltr'>ab</span> <span class='ocrx_word' id='word_1_117' title='bbox 1260 2717 1492 2781; x_wconf 74' lang='lat' dir='ltr'>adulescentulo</span> 
     </span>
    </p>
   </div>
   <div class='ocr_carea' id='block_1_5' title="bbox 593 2843 1332 2934">
    <p class='ocr_par' dir='ltr' id='par_1_5' title="bbox 593 2843 1332 2934">
     <span class='ocr_line' id='line_1_16' title="bbox 593 2843 1332 2934; baseline -0.009 -21"><span class='ocrx_word' id='word_1_118' title='bbox 593 2849 746 2934; x_wconf 78' lang='lat' dir='ltr'>quaedam</span> <span class='ocrx_word' id='word_1_119' title='bbox 769 2846 897 2928; x_wconf 79' lang='lat' dir='ltr'>scripto,</span> <span class='ocrx_word' id='word_1_120' title='bbox 922 2852 956 2907; x_wconf 82' lang='lat' dir='ltr'>at</span> <span class='ocrx_word' id='word_1_121' title='bbox 980 2845 1088 2908; x_wconf 75' lang='lat' dir='ltr'>laudes</span> <span class='ocrx_word' id='word_1_122' title='bbox 1114 2843 1259 2908; x_wconf 80' lang='lat' dir='ltr'>Herculia</span> <span class='ocrx_word' id='word_1_123' title='bbox 1282 2849 1332 2906; x_wconf 83' lang='lat' dir='ltr'>eto.</span> 
     </span>
    </p>
   </div>
   <div class='ocr_carea' id='block_1_6' title="bbox 367 3076 1493 3299">
    <p class='ocr_par' dir='ltr' id='par_1_6' title="bbox 367 3076 1493 3299">
     <span class='ocr_line' id='line_1_17' title="bbox 415 3076 1491 3165; baseline -0.006 -18"><span class='ocrx_word' id='word_1_124' title='bbox 415 3085 520 3149; x_wconf 90' lang='lat' dir='ltr'>Loous</span> <span class='ocrx_word' id='word_1_125' title='bbox 550 3082 604 3145; x_wconf 89' lang='lat' dir='ltr'>hio</span> <span class='ocrx_word' id='word_1_126' title='bbox 634 3080 674 3144; x_wconf 93' lang='lat' dir='ltr'>ab</span> <span class='ocrx_word' id='word_1_127' title='bbox 698 3079 839 3165; x_wconf 93' lang='lat' dir='ltr'>antiquis</span> <span class='ocrx_word' id='word_1_128' title='bbox 863 3078 1038 3143; x_wconf 86' lang='lat' dir='ltr'>editoribus</span> <span class='ocrx_word' id='word_1_129' title='bbox 1061 3080 1149 3142; x_wconf 84' lang='lat' dir='ltr'>varie</span> <span class='ocrx_word' id='word_1_130' title='bbox 1172 3083 1312 3141; x_wconf 88' lang='lat' dir='ltr'>tentatus</span> <span class='ocrx_word' id='word_1_131' title='bbox 1336 3082 1401 3159; x_wconf 90' lang='lat' dir='ltr'>est;</span> <span class='ocrx_word' id='word_1_132' title='bbox 1426 3076 1491 3141; x_wconf 89' lang='lat' dir='ltr'>imo</span> 
     </span>
     <span class='ocr_line' id='line_1_18' title="bbox 367 3202 1493 3299; baseline -0.011 -23"><span class='ocrx_word' id='word_1_133' title='bbox 367 3215 436 3299; x_wconf 83' lang='lat' dir='ltr'>jam</span> <span class='ocrx_word' id='word_1_134' title='bbox 461 3209 586 3274; x_wconf 89' lang='lat' dir='ltr'>librarii</span> <span class='ocrx_word' id='word_1_135' title='bbox 610 3207 760 3272; x_wconf 88' lang='lat' dir='ltr'>videntur</span> <span class='ocrx_word' id='word_1_136' title='bbox 782 3206 859 3269; x_wconf 90' lang='lat' dir='ltr'>dum</span> <span class='ocrx_word' id='word_1_137' title='bbox 883 3206 1005 3270; x_wconf 88' lang='lat' dir='ltr'>oodioes</span> <span class='ocrx_word' id='word_1_138' title='bbox 1028 3203 1249 3268; x_wconf 83' lang='lat' dir='ltr'>describebant</span> <span class='ocrx_word' id='word_1_139' title='bbox 1272 3203 1305 3264; x_wconf 93' lang='lat' dir='ltr'>in</span> <span class='ocrx_word' id='word_1_140' title='bbox 1320 3202 1426 3265; x_wconf 86' lang='lat' dir='ltr'>verbis</span> <span class='ocrx_word' id='word_1_141' title='bbox 1442 3208 1493 3281; x_wconf 84' lang='lat' dir='ltr'>„at</span> 
     </span>
    </p>
   </div>
   <div class='ocr_carea' id='block_1_7' title="bbox 371 3334 1491 3539">
    <p class='ocr_par' dir='ltr' id='par_1_7' title="bbox 371 3334 1491 3539">
     <span class='ocr_line' id='line_1_19' title="bbox 371 3334 708 3424; baseline -0.018 -22"><span class='ocrx_word' id='word_1_142' title='bbox 371 3359 390 3401; x_wconf 99' lang='lat' dir='ltr'>a</span> <span class='ocrx_word' id='word_1_143' title='bbox 414 3336 534 3424; x_wconf 91' lang='lat' dir='ltr'>puero’&#39;</span> <span class='ocrx_word' id='word_1_144' title='bbox 558 3334 708 3398; x_wconf 86' lang='lat' dir='ltr'>haesisse.</span> 
     </span>
     <span class='ocr_line' id='line_1_20' title="bbox 415 3453 1491 3539; baseline -0.011 -11"><span class='ocrx_word' id='word_1_145' title='bbox 415 3463 525 3528; x_wconf 85' lang='lat' dir='ltr'>Oodex</span> <span class='ocrx_word' id='word_1_146' title='bbox 549 3461 699 3524; x_wconf 80' lang='lat' dir='ltr'>Salmasii</span> <span class='ocrx_word' id='word_1_147' title='bbox 721 3459 834 3524; x_wconf 87' lang='lat' dir='ltr'>tradit:</span> <span class='ocrx_word' id='word_1_148' title='bbox 862 3458 1027 3539; x_wconf 84' lang='lat' dir='ltr'>„feruntur</span> <span class='ocrx_word' id='word_1_149' title='bbox 1050 3463 1082 3521; x_wconf 93' lang='lat' dir='ltr'>et</span> <span class='ocrx_word' id='word_1_150' title='bbox 1105 3456 1150 3519; x_wconf 89' lang='lat' dir='ltr'>ait</span> <span class='ocrx_word' id='word_1_151' title='bbox 1173 3477 1244 3520; x_wconf 85' lang='lat' dir='ltr'>vero</span> <span class='ocrx_word' id='word_1_152' title='bbox 1256 3455 1297 3518; x_wconf 94' lang='lat' dir='ltr'>ab</span> <span class='ocrx_word' id='word_1_153' title='bbox 1308 3453 1491 3518; x_wconf 86' lang='lat' dir='ltr'>adnleseen-</span> 
     </span>
    </p>
   </div>
   <div class='ocr_carea' id='block_1_8' title="bbox 370 3566 1491 3670">
    <p class='ocr_par' dir='ltr' id='par_1_8' title="bbox 370 3566 1491 3670">
     <span class='ocr_line' id='line_1_21' title="bbox 370 3566 1491 3670; baseline -0.01 -17"><span class='ocrx_word' id='word_1_154' title='bbox 370 3589 469 3670; x_wconf 78' lang='lat' dir='ltr'>tulo,”</span> <span class='ocrx_word' id='word_1_155' title='bbox 496 3587 676 3650; x_wconf 89' lang='lat' dir='ltr'>Hulsianus</span> <span class='ocrx_word' id='word_1_156' title='bbox 699 3566 782 3650; x_wconf 86' lang='lat' dir='ltr'>iiber</span> <span class='ocrx_word' id='word_1_157' title='bbox 804 3584 917 3648; x_wconf 90' lang='lat' dir='ltr'>habet:</span> <span class='ocrx_word' id='word_1_158' title='bbox 945 3582 1112 3664; x_wconf 83' lang='lat' dir='ltr'>„feruntur</span> <span class='ocrx_word' id='word_1_159' title='bbox 1134 3589 1166 3645; x_wconf 90' lang='lat' dir='ltr'>et</span> <span class='ocrx_word' id='word_1_160' title='bbox 1189 3603 1207 3643; x_wconf 90' lang='lat' dir='ltr'>a</span> <span class='ocrx_word' id='word_1_161' title='bbox 1227 3602 1327 3665; x_wconf 87' lang='lat' dir='ltr'>puero</span> <span class='ocrx_word' id='word_1_162' title='bbox 1351 3581 1391 3643; x_wconf 92' lang='lat' dir='ltr'>ab</span> <span class='ocrx_word' id='word_1_163' title='bbox 1414 3579 1491 3642; x_wconf 94' lang='lat' dir='ltr'>adu-</span> 
     </span>
    </p>
   </div>
   <div class='ocr_carea' id='block_1_9' title="bbox 369 3705 1492 4422">
    <p class='ocr_par' dir='ltr' id='par_1_9' title="bbox 369 3705 1492 4422">
     <span class='ocr_line' id='line_1_22' title="bbox 369 3705 1492 3802; baseline -0.008 -25"><span class='ocrx_word' id='word_1_164' title='bbox 369 3713 576 3802; x_wconf 30' lang='lat' dir='ltr'>lescentulo&amp;</span> <span class='ocrx_word' id='word_1_165' title='bbox 603 3711 656 3774; x_wconf 83' lang='lat' dir='ltr'>Ad</span> <span class='ocrx_word' id='word_1_166' title='bbox 681 3711 827 3774; x_wconf 91' lang='lat' dir='ltr'>ultimam</span> <span class='ocrx_word' id='word_1_167' title='bbox 851 3710 1018 3773; x_wconf 80' lang='lat' dir='ltr'>lectionem</span> <span class='ocrx_word' id='word_1_168' title='bbox 1043 3728 1139 3793; x_wconf 92' lang='lat' dir='ltr'>quam</span> <span class='ocrx_word' id='word_1_169' title='bbox 1164 3705 1492 3770; x_wconf 86' lang='lat' dir='ltr'>attuliR-othiiverba</span> 
     </span>
     <span class='ocr_line' id='line_1_23' title="bbox 371 3829 1491 3924; baseline -0.007 -22"><span class='ocrx_word' id='word_1_170' title='bbox 371 3839 519 3924; x_wconf 88' lang='lat' dir='ltr'>proxime</span> <span class='ocrx_word' id='word_1_171' title='bbox 541 3835 704 3901; x_wconf 82' lang='lat' dir='ltr'>accedunt.</span> <span class='ocrx_word' id='word_1_172' title='bbox 730 3833 818 3898; x_wconf 87' lang='lat' dir='ltr'>Haeo</span> <span class='ocrx_word' id='word_1_173' title='bbox 841 3841 948 3898; x_wconf 88' lang='lat' dir='ltr'>autem</span> <span class='ocrx_word' id='word_1_174' title='bbox 972 3832 1065 3896; x_wconf 86' lang='lat' dir='ltr'>leotio</span> <span class='ocrx_word' id='word_1_175' title='bbox 1093 3839 1184 3912; x_wconf 84' lang='lat' dir='ltr'>„eta</span> <span class='ocrx_word' id='word_1_176' title='bbox 1207 3851 1306 3916; x_wconf 87' lang='lat' dir='ltr'>puero</span> <span class='ocrx_word' id='word_1_177' title='bbox 1318 3832 1402 3896; x_wconf 84' lang='lat' dir='ltr'>stab</span> <span class='ocrx_word' id='word_1_178' title='bbox 1414 3829 1491 3895; x_wconf 88' lang='lat' dir='ltr'>adu·</span> 
     </span>
     <span class='ocr_line' id='line_1_24' title="bbox 372 3955 1492 4045; baseline -0.009 -17"><span class='ocrx_word' id='word_1_179' title='bbox 372 3962 566 4030; x_wconf 82' lang='lat' dir='ltr'>lassentulo”</span> <span class='ocrx_word' id='word_1_180' title='bbox 610 3959 692 4023; x_wconf 91' lang='lat' dir='ltr'>mihi</span> <span class='ocrx_word' id='word_1_181' title='bbox 726 3958 856 4045; x_wconf 89' lang='lat' dir='ltr'>quidem</span> <span class='ocrx_word' id='word_1_182' title='bbox 893 3959 1036 4022; x_wconf 87' lang='lat' dir='ltr'>maxime</span> <span class='ocrx_word' id='word_1_183' title='bbox 1072 3957 1233 4043; x_wconf 88' lang='lat' dir='ltr'>probatur.</span> <span class='ocrx_word' id='word_1_184' title='bbox 1270 3955 1421 4042; x_wconf 79' lang='lat' dir='ltr'>Scriptor,</span> <span class='ocrx_word' id='word_1_185' title='bbox 1457 3961 1492 4018; x_wconf 94' lang='lat' dir='ltr'>ut</span> 
     </span>
     <span class='ocr_line' id='line_1_25' title="bbox 371 4079 1491 4172; baseline -0.01 -18"><span class='ocrx_word' id='word_1_186' title='bbox 371 4088 515 4154; x_wconf 88' lang='lat' dir='ltr'>ostendat</span> <span class='ocrx_word' id='word_1_187' title='bbox 537 4086 660 4172; x_wconf 86' lang='lat' dir='ltr'>ingenii</span> <span class='ocrx_word' id='word_1_188' title='bbox 682 4085 770 4149; x_wconf 87' lang='lat' dir='ltr'>dotes</span> <span class='ocrx_word' id='word_1_189' title='bbox 789 4086 857 4170; x_wconf 89' lang='lat' dir='ltr'>jam</span> <span class='ocrx_word' id='word_1_190' title='bbox 882 4084 986 4169; x_wconf 87' lang='lat' dir='ltr'>prima</span> <span class='ocrx_word' id='word_1_191' title='bbox 1005 4085 1177 4168; x_wconf 83' lang='lat' dir='ltr'>juventute</span> <span class='ocrx_word' id='word_1_192' title='bbox 1200 4083 1233 4143; x_wconf 94' lang='lat' dir='ltr'>in</span> <span class='ocrx_word' id='word_1_193' title='bbox 1258 4079 1393 4145; x_wconf 76' lang='lat' dir='ltr'>Caesare</span> <span class='ocrx_word' id='word_1_194' title='bbox 1414 4081 1491 4145; x_wconf 92' lang='lat' dir='ltr'>emi·</span> 
     </span>
     <span class='ocr_line' id='line_1_26' title="bbox 372 4205 1491 4296; baseline -0.011 -16"><span class='ocrx_word' id='word_1_195' title='bbox 372 4216 486 4296; x_wconf 74' lang='lat' dir='ltr'>misse,</span> <span class='ocrx_word' id='word_1_196' title='bbox 521 4211 610 4276; x_wconf 88' lang='lat' dir='ltr'>addit</span> <span class='ocrx_word' id='word_1_197' title='bbox 644 4211 762 4296; x_wconf 81' lang='lat' dir='ltr'>scripta</span> <span class='ocrx_word' id='word_1_198' title='bbox 796 4209 951 4296; x_wconf 89' lang='lat' dir='ltr'>quaedam</span> <span class='ocrx_word' id='word_1_199' title='bbox 976 4211 1047 4294; x_wconf 92' lang='lat' dir='ltr'>ejus</span> <span class='ocrx_word' id='word_1_200' title='bbox 1071 4208 1162 4294; x_wconf 92' lang='lat' dir='ltr'>pueri</span> <span class='ocrx_word' id='word_1_201' title='bbox 1186 4206 1290 4270; x_wconf 91' lang='lat' dir='ltr'>adhno</span> <span class='ocrx_word' id='word_1_202' title='bbox 1313 4213 1344 4270; x_wconf 91' lang='lat' dir='ltr'>et</span> <span class='ocrx_word' id='word_1_203' title='bbox 1368 4205 1491 4270; x_wconf 87' lang='lat' dir='ltr'>adules-</span> 
     </span>
     <span class='ocr_line' id='line_1_27' title="bbox 372 4332 1491 4422; baseline -0.01 -17"><span class='ocrx_word' id='word_1_204' title='bbox 372 4340 493 4405; x_wconf 88' lang='lat' dir='ltr'>oentuli</span> <span class='ocrx_word' id='word_1_205' title='bbox 518 4338 638 4422; x_wconf 85' lang='lat' dir='ltr'>vagari.</span> <span class='ocrx_word' id='word_1_206' title='bbox 664 4335 754 4400; x_wconf 89' lang='lat' dir='ltr'>Haeo</span> <span class='ocrx_word' id='word_1_207' title='bbox 780 4358 843 4399; x_wconf 86' lang='lat' dir='ltr'>vox</span> <span class='ocrx_word' id='word_1_208' title='bbox 871 4334 1009 4421; x_wconf 86' lang='lat' dir='ltr'>„puero”</span> <span class='ocrx_word' id='word_1_209' title='bbox 1036 4341 1143 4398; x_wconf 89' lang='lat' dir='ltr'>utrum</span> <span class='ocrx_word' id='word_1_210' title='bbox 1170 4339 1238 4397; x_wconf 88' lang='lat' dir='ltr'>orta</span> <span class='ocrx_word' id='word_1_211' title='bbox 1254 4335 1348 4397; x_wconf 86' lang='lat' dir='ltr'>sitex</span> <span class='ocrx_word' id='word_1_212' title='bbox 1367 4332 1491 4414; x_wconf 79' lang='lat' dir='ltr'>„vero&#39;’,</span> 
     </span>
    </p>
   </div>
   <div class='ocr_carea' id='block_1_10' title="bbox 372 4458 1492 4551">
    <p class='ocr_par' dir='ltr' id='par_1_10' title="bbox 372 4458 1492 4551">
     <span class='ocr_line' id='line_1_28' title="bbox 372 4458 1492 4551; baseline -0.009 -22"><span class='ocrx_word' id='word_1_213' title='bbox 372 4486 454 4551; x_wconf 91' lang='lat' dir='ltr'>quae</span> <span class='ocrx_word' id='word_1_214' title='bbox 488 4466 521 4527; x_wconf 93' lang='lat' dir='ltr'>in</span> <span class='ocrx_word' id='word_1_215' title='bbox 545 4464 618 4528; x_wconf 88' lang='lat' dir='ltr'>aliis</span> <span class='ocrx_word' id='word_1_216' title='bbox 652 4462 813 4526; x_wconf 88' lang='lat' dir='ltr'>oodioibus</span> <span class='ocrx_word' id='word_1_217' title='bbox 844 4461 1012 4547; x_wconf 86' lang='lat' dir='ltr'>reperitur,</span> <span class='ocrx_word' id='word_1_218' title='bbox 1036 4481 1076 4522; x_wconf 92' lang='lat' dir='ltr'>an</span> <span class='ocrx_word' id='word_1_219' title='bbox 1105 4459 1219 4540; x_wconf 82' lang='lat' dir='ltr'>„vero”</span> <span class='ocrx_word' id='word_1_220' title='bbox 1244 4458 1362 4522; x_wconf 85' lang='lat' dir='ltr'>factum</span> <span class='ocrx_word' id='word_1_221' title='bbox 1385 4458 1428 4522; x_wconf 89' lang='lat' dir='ltr'>sit</span> <span class='ocrx_word' id='word_1_222' title='bbox 1450 4479 1492 4522; x_wconf 85' lang='lat' dir='ltr'>ex</span> 
     </span>
    </p>
   </div>
   <div class='ocr_carea' id='block_1_11' title="bbox 0 0 1702 5450">
    <p class='ocr_par' dir='ltr' id='par_1_11' title="bbox 0 0 1702 5450">
     <span class='ocr_line' id='line_1_29' title="bbox 0 0 1702 5450; baseline 0 0"><span class='ocrx_word' id='word_1_223' title='bbox 0 0 1702 5450; x_wconf 95' lang='lat' dir='ltr'> </span> 
     </span>
    </p>
   </div>
  </div>
 </body>
</html>
