3370 5450
734 672 831 736 29·

192 905 280 949 serae
299 882 498 967 dividuntur,
511 885 569 972 qui
582 851 729 972 capiendi
741 885 899 952 desiderio
910 887 980 952 loca
991 887 1137 973 equitum
1152 893 1315 973 occupant.

237 1009 310 1075 Non
344 1017 452 1075 autem
488 1011 591 1094 video,
626 1033 684 1075 cur
714 1012 813 1098 plebs,
847 1018 1014 1099 postquam
1039 1012 1176 1076 missilia
1200 1013 1317 1098 rapuit,

191 1136 286 1201 etiam
312 1158 369 1223 per
392 1136 483 1201 ludos
507 1138 668 1223 equestria
691 1138 759 1202 loca
782 1137 995 1224 occupaverit.
1019 1136 1136 1222 Neque
1157 1159 1214 1223 per
1235 1137 1317 1201 solos

190 1270 353 1349 equestres
381 1263 499 1347 gradus
523 1269 659 1328 tesseras
683 1284 790 1327 rerum
815 1263 988 1327 missilium
1010 1263 1253 1348 spargebantur.
1278 1262 1316 1327 Id

189 1389 310 1454 factum
345 1411 413 1454 esse
448 1388 559 1454 Domit
593 1411 620 1454 c.
656 1392 676 1452 4
712 1390 812 1454 semel
842 1389 988 1471 traditur,
1013 1388 1068 1454 sed
1096 1388 1192 1475 „quia
1215 1390 1318 1474 major

189 1535 262 1602 pars
298 1515 383 1579 intra
417 1516 584 1602 popularia
618 1515 810 1582 deciderat.’'
847 1514 941 1580 Nihil
977 1537 1052 1601 ergo
1084 1538 1124 1580 cx
1158 1515 1217 1581 hoc
1247 1516 1314 1579 loco

187 1642 284 1706 allato
307 1620 551 1708 demonstratur.

233 1765 365 1850 Quidni,
389 1769 417 1832 si
444 1789 509 1832 vox
536 1768 710 1849 „tesseras”
736 1769 921 1833 intextum
945 1768 1127 1855 recipienda
1150 1769 1202 1849 sit„
1226 1769 1312 1854 lega·

187 1913 278 1956 mus:
321 1898 455 1957 tesseras
489 1894 648 1958 maturius
683 1894 789 1976 dabat,
826 1895 847 1961 i.
872 1916 899 1959 e.
935 1901 1069 1959 tesseras
1104 1894 1243 1960 locorum
1279 1895 1312 1957 in

186 2017 311 2083 theatro
334 2019 492 2082 maturius
516 2040 613 2105 quam
638 2025 706 2084 erat
728 2042 795 2085 mos
815 2019 935 2084 dabat?
955 2019 1133 2084 Tunicatus
1153 2021 1211 2106 qui
1232 2042 1310 2085 scm·

94 2203 95 2206 ,
186 2165 245 2230 per
267 2144 376 2209 aderat
398 2145 553 2232 popellus,
578 2145 746 2212 deficiente
769 2147 911 2234 equestri
934 2147 1054 2229 ordine,
1076 2152 1210 2211 tesseras
1230 2145 1314 2209 XIV
1334 2155 1336 2160 '

185 2270 346 2356 graduum
379 2273 565 2358 accipiebat.
598 2272 734 2359 Equites
765 2294 838 2337 cum
862 2279 971 2359 postea
996 2274 1143 2338 venirent
1165 2272 1232 2337 loca
1256 2294 1314 2336 sua

185 2396 338 2462 ridebant
356 2399 425 2483 jam
450 2405 610 2484 occupata.

230 2522 292 2588 Sed
316 2524 447 2590 fortasse
471 2526 603 2610 gravius
626 2525 705 2611 quid
729 2525 806 2590 latet
826 2532 857 2590 et
869 2526 1071 2591 sentiendum
1083 2532 1131 2590 est
1143 2547 1216 2590 cum
1230 2525 1309 2590 Bur-

183 2669 311 2732 manno,
335 2651 392 2736 qui
416 2650 592 2736 elegantem
618 2672 709 2714 suam
733 2658 765 2716 et
787 2650 929 2716 doctrina
949 2651 1179 2716 redundantem
1200 2658 1307 2716 notam
1418 2664 1419 2668 ’

182 2777 229 2841 sic
264 2776 438 2842 concludit:
474 2778 631 2842 fateamur
660 2779 767 2864 potius
797 2778 889 2842 nobis
920 2777 1062 2842 nondum
1095 2777 1133 2841 de
1157 2777 1307 2842 hocloco

180 2902 306 2989 aliquid
328 2904 408 2969 certi
429 2911 581 2968 constare.

361 3177 395 3244 C.
434 3179 476 3240 26
513 3179 624 3263 (infra)
745 3167 917 3260 remotoque
950 3179 1113 3242 ordinario
1146 3186 1307 3262 apparatu

405 3305 519 3369 tabidis
554 3307 633 3388 feris
662 3307 824 3370 vilissimos
846 3306 990 3386 senioque
1013 3305 1165 3389 confectos
1186 3305 1306 3387 pladia-

403 3437 501 3516 tcrcs,
517 3452 635 3516 quoquc
659 3434 845 3515 praeposteris
865 3438 972 3513 potres
998 3400 1198 3514 familiarum
1221 3438 1307 3496 actos

400 3535 454 3621 scd
484 3559 620 3639 iosipms
650 3558 805 3622 debilitate
836 3557 945 3642 utiquc
977 3559 1113 3642 corporis
1136 3558 1305 3640 objiciebat.

223 3790 414 3877 Quicunque
437 3790 516 3856 haec
539 3790 624 3876 leget
646 3790 680 3854 in
705 3812 787 3856 voce
808 3790 1030 3877 „paegniaris”
1055 3789 1210 3855 haerebit.

221 3918 253 3981 A
277 3899 395 3983 Rothio
422 3918 478 3981 illa
503 3935 570 3982 vox
592 3924 640 3982 est
662 3916 882 3982 commendata
905 3939 961 4004 pro
988 3917 1190 4004 „pegmatis”
1216 3916 1302 4003 quod

175 4045 211 4108 in
242 4044 349 4110 codice
372 4043 568 4109 Memmiano
592 4044 761 4130 reperitur.
785 4043 824 4107 In
848 4044 922 4108 aliis
946 4043 1141 4109 editionibus
1165 4050 1197 4108 et
1220 4042 1300 4108 codi-

159 4172 266 4239 cibus
299 4173 396 4257 vulgo
426 4170 562 4236 habetur
596 4171 797 4256 „pegmaris”
822 4170 875 4235 vel
902 4170 1119 4256 „pegmares”.
1146 4168 1210 4234 Pro
1238 4177 1302 4250 „ta-

173 4298 259 4363 bidis
295 4298 391 4362 feris'’
427 4299 459 4361 in
493 4297 603 4361 multis
635 4297 727 4361 libris
758 4297 879 4382 legitur
905 4296 1054 4378 „tabidas
1077 4297 1191 4361 feras''.
1216 4295 1303 4370 Quid

173 4426 218 4490 sit
245 4425 448 4518 „pegniaris”
474 4415 525 4490 vel
548 4424 771 4534 „paegniaris”
792 4423 845 4490 vel
868 4424 1069 4510 „pegmaris”
1084 4422 1135 4488 vel
1150 4444 1301 4510 „pygma-
