3370 5450
896 697 937 758 42

398 906 550 971 Lectione
584 913 691 971 autern
728 905 840 970 Rothii
874 904 987 970 eollete
1017 926 1090 969 eum
1121 905 1219 969 altere
1244 903 1422 967 Burmanni
1446 910 1479 967 et

355 1032 575 1119 Oudendorpii
609 1032 702 1098 facile
736 1032 929 1119 perspicitur
960 1052 1042 1118 quae
1073 1032 1115 1095 sit
1137 1030 1354 1117 praeferende.
1376 1030 1476 1116 Apud

354 1167 527 1245 utrumque
562 1160 606 1224 ite
640 1160 776 1244 legitur:
813 1161 927 1237 υὶτυχεῖ
960 1157 1039 1221 πάνυ
1063 1159 1092 1221 ἕν
1116 1165 1177 1227 τοῖς
1200 1156 1366 1227 σπουδαίοις
1390 1156 1476 1239 λίυυ;

353 1285 410 1350 ubi
434 1307 497 1350 non
520 1285 682 1350 aberravit
705 1291 762 1350 ete.

398 1410 490 1485 Quod
526 1411 626 1474 multo
655 1411 772 1475 melius
803 1431 877 1474 oum
901 1409 1015 1474 ceteris
1038 1408 1206 1475 cohaerere
1229 1407 1311 1472 mihi
1337 1407 1476 1474 videtur.

353 1536 471 1603 Misero
503 1537 666 1603 Tiberiolo
695 1538 779 1602 mele
803 1559 852 1602 res
876 1537 978 1602 seriae
1002 1536 1176 1622 procedunt
1199 1536 1337 1599 nimium
1362 1535 1475 1619 volde3

353 1663 410 1727 ubi
434 1671 591 1751 verneto.

396 1788 471 1855 Vox
495 1797 603 1855 eutem
630 1790 735 1872 „stan”
760 1810 822 1854 non
847 1789 880 1852 in
904 1788 1053 1854 omnibus
1076 1788 1168 1852 libris
1189 1789 1356 1875 reperitur,
1371 1809 1475 1874 neque

352 1925 389 1982 ut
411 1918 514 1983 obiter
538 1938 683 1981 moneam
708 1917 736 1980 si
756 1915 878 1981 deesset
899 1936 919 1979 a
938 1936 1099 2001 quoquam
1112 1915 1362 1999 desideraretur3
1375 1935 1475 2001 quere

352 2043 498 2107 nonnulli
520 2041 657 2107 editores
680 2061 751 2106 een:
775 2040 932 2105 delerunt.
956 2039 1020 2104 Pro
1040 2039 1118 2104 oeteo
1139 2040 1259 2124 legitur
1278 2041 1375 2106 etiem
1388 2042 1474 2127 λίυυ;

351 2167 436 2254 apud
461 2167 704 2249 Memmienum,
728 2188 824 2252 quem
849 2171 976 2230 secutus
998 2171 1047 2230 est
1069 2164 1218 2248 Rothius‚
1243 2175 1347 2230 NAM.

395 2293 504 2358 Donec
527 2314 602 2378 ergo
626 2293 739 2358 melior
762 2292 862 2357 codex
885 2292 985 2357 elium
1010 2298 1137 2357 textum
1162 2293 1475 2379 promateutlegen·

351 2420 428 2484 dnm
462 2441 575 2484 censeo
597 2441 671 2483 cunr
695 2419 880 2483 Burmanno
903 2425 934 2483 et
958 2418 1196 2505 Oudendorpio‚
1219 2426 1276 2483 eut
1298 2442 1371 2485 cunr
1396 2442 1472 2485 non·

352 2546 450 2609 nullis
484 2544 664 2610 codicibus:
700 2548 814 2624 ἀτυχεῖ
844 2545 910 2609 slav
931 2545 974 2607 1εὐ
1008 2552 1069 2616 τοῖς
1101 2546 1277 2619 σπουδαίοις,
1308 2553 1365 2610 eut
1387 2547 1473 2632 quod

308 2731 315 2744 ,
351 2693 463 2758 perum
484 2691 503 2732 a
526 2670 680 2734 librorum
705 2675 797 2734 textu
822 2668 956 2734 recedit:
982 2672 1093 2750 ἀτυχεῖ
1118 2671 1163 2736 vel
1186 2673 1244 2748 μὴν
1269 2672 1297 2735 ἕυ
1310 2680 1370 2744 τοῖς
1383 2697 1473 2737 σπου-

350 2795 438 2866 δυίυς
462 2797 537 2860 Ater.

529 3067 562 3134 0.
595 3067 625 3133 8.
661 3067 705 3131 Et
736 3069 874 3152 quotiens
901 3075 971 3148 post
993 3071 1092 3133 eibum
1117 3071 1366 3156 oddormiseort,
1389 3075 1473 3157 quod

570 3194 598 3257 et
618 3195 687 3276 fere
709 3194 874 3260 occidebat.

392 3379 456 3442 Pro
503 3379 798 3461 „addormisceret'’,
842 3381 925 3467 quod
968 3380 1026 3446 hoe
1061 3388 1186 3446 tentum
1222 3382 1289 3447 loco
1323 3383 1469 3464 occurrit,

346 3527 458 3571 censeo
482 3506 685 3571 scribendum
712 3506 1009 3594 „obdormisceret'',
1034 3529 1116 3594 quae
1140 3515 1189 3572 est
1211 3508 1304 3572 solite
1329 3526 1391 3573 vox
1413 3529 1470 3595 pro

348 3631 413 3695 leni
444 3638 476 3695 et
503 3630 626 3716 placido
649 3653 769 3714 somno,
793 3633 898 3718 quelis
921 3632 1043 3698 scilicet
1065 3633 1187 3697 debiles
1211 3633 1357 3698 homines
1380 3654 1468 3719 prae·

347 3756 457 3820 sertim
481 3762 551 3842 post
575 3778 702 3821 coenam
728 3757 879 3843 obrepere
903 3758 992 3823 solet.

528 4005 562 4072 0.
600 4007 650 4072 15.
686 4007 873 4070 Absentious
907 4007 1074 4072 secundum
1104 4013 1285 4092 praesentes
1319 4009 1469 4091 facillime

569 4133 663 4196 debat
676 4183 683 4198 .
698 4181 705 4196 .
720 4183 749 4199 ..

390 4319 586 4405 Agnoscitur
608 4321 816 4384 constructio:
841 4319 916 4384 dare
941 4319 1115 4384 secundum
1139 4320 1290 4406 aliquem.
1312 4320 1468 4387 Olendins

347 4466 422 4530 erge
457 4444 609 4510 facillime
649 4446 682 4508 in
713 4446 886 4531 judicando
921 4447 1141 4534 praesentibus
1180 4469 1299 4512 morem
1336 4449 1469 4533 gerebat
