3370 5450
622 718 787 798 Ι55

206 932 268 996 fuit
301 931 334 995 5ο
369 933 421 1014 55,
458 932 510 1013 57,
549 931 590 995 58
626 936 658 995 55
690 931 743 993 60.
768 927 857 993 Duos
880 929 982 1012 igitur
1005 927 1126 993 medios
1150 929 1332 993 consulatus

206 1058 354 1144 deinceps
387 1063 502 1142 gessot,
536 1057 677 1144 primum
701 1062 733 1120 55
754 1061 904 1142 quartum
929 1055 1005 1118 anni
1030 1055 1133 1141 spatio
1158 1056 1333 1140 interjecto,

208 1215 210 1224 ν
250 1182 353 1249 Valde
394 1189 501 1248 autem
548 1182 646 1263 miror
690 1182 947 1268 interpretatores
981 1180 1067 1245 hunc
1102 1181 1205 1246 locum
1243 1182 1331 1247 volut

206 1311 335 1376 omnino
376 1309 503 1375 facilem
545 1314 577 1373 et
612 1309 773 1393 integrum
808 1309 878 1373 sine
913 1307 1116 1373 adnotatione
1151 1308 1331 1394 reliquisse.

206 1436 313 1502 Verba
347 1437 450 1518 ,15555
480 1456 586 1499 55555
616 1436 741 1521 spatia’'
775 1441 859 1500 certe
886 1436 1180 1522 interpretationem
1205 1457 1333 1500 omnem

206 1560 375 1646 effugiunt,
410 1560 474 1626 Pro
512 1562 615 1641 „inter
647 1580 753 1624 55555
776 1560 900 1647 spatia''
926 1581 1001 1645 ergo
1024 1559 1196 1644 legendum
1221 1581 1333 1624 censeo

209 1687 393 1772 „interjecto
422 1706 528 1750 annuo
550 1686 694 1772 spatio'’;
724 1687 912 1768 „variavit'’‚
937 1687 965 1750 si
988 1687 1167 1771 genuinum
1193 1698 1251 1768 555,
1276 1708 1333 1751 ex-

207 1812 388 1900 plicandum
414 1820 478 1878 est:
506 1814 594 1876 vario
614 1818 755 1899 tempore
774 1813 874 1898 gessit
897 1853 933 1859 —
957 1814 977 1876 i.
992 1835 1019 1878 5.
1039 1834 1102 1878 555
1122 1814 1272 1880 55551555
1292 1854 1332 1863 -

208 1938 411 2024 Quamquam
444 1938 502 2002 vix
537 1939 702 2016 „variare”
735 1938 790 2002 illo
817 1959 913 2003 seusu
938 1940 1086 2026 usurpari
1111 1946 1222 2026 potest.
1246 1939 1334 2005 Inter

207 2064 270 2127 alia
303 2063 529 2128 conferendum
566 2070 613 2128 est
641 2063 714 2130 Liv.
740 2063 778 2128 L.
804 2066 844 2127 27
871 2062 907 2128 O.
931 2065 971 2127 27
1002 2085 1104 2150 „quac
1126 2065 1165 2131 de
1188 2063 1334 2131 Marcelli

209 2195 309 2256 morte
335 2195 479 2255 auctores
511 2190 657 2254 variant”
692 2229 732 2237 —
766 2191 788 2254 1.
802 2212 828 2255 5.
854 2190 943 2255 vario
966 2196 1105 2254 narrant.
1130 2189 1183 2256 Sic
1207 2191 1331 2257 variare

209 2316 390 2381 consulatus
423 2315 555 2382 fortasse
586 2317 748 2402 significat
778 2317 867 2380 vario
893 2322 1035 2403 tempore
1058 2338 1178 2402 gerere.
1204 2317 1333 2382 Dubius

209 2447 314 2505 tamen
340 2440 465 2506 haereo.

390 2724 423 2794 0.
448 2727 499 2791 20.
523 2727 669 2812 15515555
686 2729 899 2810 piupus‘ssima
921 2750 1008 2793 coma
1031 2735 1060 2794 55
1082 2731 1333 2795 excellentissimo

431 2854 515 2918 cuttu
547 2856 713 2934 puerisue
737 2856 804 2918 sinc
828 2854 1220 2940 55515155555555555
1244 2856 1336 2921 515555

430 2981 652 3064 qcodrtapma
676 2979 764 3043 mitia
787 2982 929 3045 sestertia
953 2983 1122 3047 merebant.
1250 3001 1254 3012 ·

253 3201 303 3267 Ita
336 3201 475 3267 Rothius
506 3223 524 3267 5
555 3200 662 3266 codice
694 3200 892 3267 Memmiano
922 3201 1032 3284 edidit,
1049 3202 1238 3288 ,desperans
1263 3225 1333 3289 pro-

208 3328 288 3394 lecto
318 3327 357 3393 de
387 3327 538 3395 remedio.
568 3326 833 3414 Interpretatores
856 3333 964 3393 autem
989 3350 1099 3394 omnes
1122 3330 1333 3413 consentiunt,

209 3457 242 3521 id
264 3455 349 3544 quod
373 3457 495 3543 legenti
519 3457 695 3543 unicuique
719 3462 815 3544 patet,
840 3456 939 3522 verba
960 3457 1089 3542 „pueris
1108 3457 1333 3522 aosineanulo

209 3583 344 3650 laeviis”
368 3585 456 3649 omni
479 3604 575 3669 sensu
598 3604 715 3648 555555.

253 3709 420 3795 Imprimis
444 3730 616 3796 puerorum
643 3709 766 3774 mentio
785 3708 868 3773 facta
880 3709 987 3773 minus
999 3715 1178 3796 opportuna
1191 3709 1335 3794 videtur3

209 3835 456 3922 requirebantur
491 3834 578 3899 enim
613 3834 846 3900 adulescentuli
879 3841 911 3899 55
936 3835 1074 3920 juvenes
1110 3835 1243 3918 robusti,
1279 3837 1336 3922 551

210 3960 332 4027 Neroni
363 3961 503 4042 cantanti
530 3960 735 4047 plauderent;
759 3961 853 4047 pueri
876 3961 954 4047 qnid
977 3960 1096 4026 auxilii
1120 3961 1203 4026 ferre
1226 3969 1336 4048 potue·

208 4087 274 4151 rint
297 4108 359 4150 non
383 4087 586 4173 perspicitur.

254 4212 423 4278 Praeterea
456 4214 552 4278 verba
584 4235 667 4300 5555
698 4220 879 4300 sequuntur
908 4221 978 4301 post
1003 4215 1165 4300 „insignes
1189 4217 1334 4302 pinguis-

209 4338 292 4402 sima
315 4361 404 4404 corna
427 4345 459 4404 55
480 4339 753 4405 excellentissimo
774 4340 883 4404 cultu”
906 4339 1056 4405 videntur
1067 4361 1234 4426 operarum
1249 4342 1336 4406 thea-

211 4464 342 4528 tralium
367 4464 513 4529 habitum
537 4471 568 4529 et
592 4464 714 4529 cultum
739 4464 928 4530 describere.
