3370 5450
232 937 299 980 rem
324 915 462 980 indolem
487 916 665 981 ostenderet
688 938 761 981 oum
785 916 945 1002 professus
970 924 1053 981 esset
1075 939 1109 982 se
1122 918 1353 1002 imperaturum

233 1063 275 1106 ex
298 1041 442 1127 Augusti
465 1043 668 1131 praescripto.

278 1164 373 1233 Oerta
406 1168 528 1234 indoles
558 1175 666 1233 autem
697 1169 879 1254 significare
904 1168 1032 1233 videtur
1055 1168 1193 1233 indolem
1218 1168 1355 1251 firmam,
1426 1172 1428 1175 ’

233 1294 287 1357 oui
319 1293 418 1359 fidere
452 1295 563 1380 possis,
597 1293 654 1358 ofr.
678 1316 708 1358 v.
731 1316 763 1379 g.
796 1300 901 1359 sertus
933 1293 1037 1376 homo,
1061 1299 1166 1358 oertns
1186 1269 1271 1380 lapis
1296 1298 1354 1358 eto.

233 1417 306 1482 Non
330 1440 404 1484 voro
428 1418 563 1484 firmitas
587 1417 725 1485 Neronis
750 1420 790 1483 iis
814 1440 897 1505 quae
915 1425 1095 1506 sequuntur
1114 1418 1355 1484 diotisstfaotis
1416 1511 1417 1515 Ἰ

232 1545 427 1630 ostenditur,
450 1547 540 1609 varia
562 1547 648 1610 enim
673 1545 852 1611 afferuntur
876 1546 1034 1611 virtutum
1058 1545 1247 1611 dooumenta
1271 1565 1354 1631 quae

233 1678 345 1735 ounota
368 1670 511 1756 Augusti
536 1672 702 1758 exemplar
726 1672 924 1757 exprimunt.
980 1643 982 1648 Α

278 1796 384 1863 Aliter
418 1799 520 1884 igitur
555 1799 689 1863 verbum
723 1799 930 1880 „certiorem”
961 1799 1124 1884 sxplioare
1146 1799 1180 1861 in
1204 1805 1353 1884 promptn

233 1930 289 1988 est.
325 1922 432 1997 Quare
467 1924 553 1990 Nero
588 1925 681 1989 initio
715 1925 807 2010 regni
837 1925 909 1989 illas
940 1945 1016 2010 prae
1039 1946 1073 1990 se
1095 1925 1171 1990 tulit
1194 1926 1353 1989 virtutes?

233 2048 278 2113 Ut
299 2027 414 2136 nempe
437 2049 581 2135 Augusti
603 2051 707 2135 legem
730 2050 795 2114 sibi
818 2057 969 2143 statutam
990 2057 1188 2136 sequeretur,
1209 2049 1353 2134 Augusti

232 2175 398 2262 exemplar
420 2177 626 2263 exprimeret,
650 2177 713 2241 sibi
736 2182 893 2242 oonstaret
916 2178 950 2240 in
973 2177 1188 2264 exsequendis
1208 2176 1352 2262 Augusti

233 2304 447 2390 praescriptis.

278 2427 339 2493 Sed
373 2450 436 2494 non
470 2428 563 2494 oredo
600 2435 737 2510 ,certam
772 2428 934 2495 indolem’'
966 2451 1023 2516 pro
1054 2428 1160 2494 indole
1183 2447 1266 2514 quae
1289 2426 1353 2491 sibi

232 2560 361 2638 emetat,
385 2576 468 2641 qnae
491 2556 658 2642 exemplar
680 2556 838 2643 quoddam
863 2556 1001 2621 fideliter
1024 2555 1189 2642 exprimit,
1214 2573 1351 2640 usquam

213 2675 315 2767 'apud
340 2680 494 2746 Latinum
518 2683 703 2768 soriptorem
728 2683 900 2767 cujuslibet
919 2683 1032 2748 aetatis
1056 2701 1229 2747 ooourrere.
1255 2679 1353 2744 Prae·

231 2815 317 2874 terea
339 2829 400 2872 non
424 2807 516 2874 oredo
539 2809 730 2874 loontionom
759 2816 862 2890 ,corta
886 2809 1028 2874 indoles''
1053 2827 1245 2894 quoeunque
1257 2827 1352 2870 sensu

231 2935 309 2999 alibi
331 2956 504 3000 occurrere,

275 3059 381 3134 Quare
404 3033 661 3147 praeferendum·
674 3061 756 3124 mihi
769 3059 896 3125 videtur
912 3061 1123 3141 ,mitiorem”.
1137 3058 1169 3122 N
1171 3080 1225 3124 oro
1238 3065 1352 3123 natura

231 3195 298 3252 erat
326 3208 458 3272 saevns;
486 3188 627 3270 interim,
651 3187 749 3252 donee
772 3192 959 3274 potestatem
983 3208 1074 3250 suam
1098 3185 1266 3268 firmasset,
1291 3186 1351 3248 mi·
1456 3185 1458 3188 ’

229 3313 343 3378 tionem
363 3312 502 3378 indolem
525 3312 672 3379 ostendit.

410 3637 443 3704 0.
477 3639 527 3705 10.
561 3638 669 3708 Omnis
697 3639 823 3703 ordines
853 3638 984 3702 subinde
1013 3659 1050 3700 ae
1073 3638 1247 3700 memoriter
1268 3635 1351 3698 sala·

451 3765 548 3828 laod.
564 3813 570 3827 .
585 3813 614 3827 ..

274 4072 324 4137 Ita
357 4073 495 4138 Rothins
531 4073 652 4138 oodioes
683 4081 810 4139 seoutus
833 4072 944 4155 edidit,
968 4093 1072 4159 neque
1097 4072 1130 4134 in
1154 4070 1350 4156 praefatione

229 4197 268 4262 de
297 4197 348 4261 his
376 4199 481 4263 verbis
504 4199 682 4285 quidquam
705 4199 877 4265 adnotavit.
904 4201 958 4282 At,
982 4197 1060 4284 quid
1084 4217 1202 4283 quaeso
1226 4197 1348 4282 signifi·

229 4325 324 4387 eant?
348 4323 468 4388 Nullus
492 4346 603 4389 seusus
627 4324 719 4389 oredo
743 4325 783 4388 iis
807 4325 941 4388 attribui
966 4330 1068 4409 potest
1087 4324 1151 4387 nisi
1171 4322 1241 4386 hio:
1263 4321 1350 4387 Nero

229 4451 377 4516 nterdnm
415 4471 524 4515 omnes
554 4451 679 4515 ordines
706 4490 745 4498 -
770 4456 926 4531 senatum,
950 4449 1076 4535 equites
1101 4456 1133 4514 et
1155 4449 1281 4536 plebem
1307 4487 1348 4493 —
