3370 5450
915 695 956 756 20

383 914 509 973 textum
545 929 579 972 se
614 929 682 972 esse
712 912 857 972 secutum
890 912 923 971 et
944 905 1126 971 historicam
1153 913 1274 993 partem
1301 909 1504 995 potissimum

382 1039 543 1117 tractasse,
566 1031 625 1099 hoc
648 1041 755 1098 tamen
780 1035 847 1099 loco
870 1035 1069 1120 argumentis
1089 1034 1193 1098 victus
1206 1033 1324 1098 edidit:
1341 1032 1504 1115 „Gnaeum

383 1159 595 1224 Domitium’'.
632 1158 724 1233 Quod
759 1182 816 1246 pro
851 1181 925 1224 vero
960 1158 1071 1224 habeo.
1097 1158 1201 1224 Nemo
1225 1161 1311 1225 enim
1336 1160 1507 1226 crediderit

358 1283 572 1349 ,Suetonium
607 1285 771 1371 scripsisse
807 1285 973 1366 „Titum”
996 1284 1195 1350 Praenomon
1218 1292 1327 1351 autem
1351 1288 1503 1351 omissum

382 1434 450 1477 esse
474 1433 535 1476 non
560 1418 608 1475 est
632 1411 807 1478 verisimile
830 1433 903 1476 oum
928 1412 1060 1476 alterius
1084 1412 1223 1476 consulis
1244 1409 1279 1474 O.
1294 1410 1378 1477 Sosii
1390 1433 1505 1476 nomen

382 1545 414 1604 et
437 1559 628 1625 praenomen
652 1538 827 1603 tradantur.

563 1813 596 1878 0.
635 1814 686 1878 27.
723 1813 874 1893 Quintum
900 1811 1047 1878 Gallam.
1064 1863 1069 1872 .
1086 1860 1116 1876 ..
1139 1814 1288 1897 fatentem
1311 1812 1392 1875 uidit
1408 1813 1505 1894 jessit

605 1940 700 2004 occidi
720 1942 812 2020 prius
835 1941 931 2004 oculis
953 1940 1019 2020 ejus
1041 1961 1099 2003 sua
1120 1960 1218 2005 mccc
1241 1939 1371 2022 effossis.

424 2172 497 2238 Non
532 2174 684 2239 credibile
719 2181 768 2240 est
800 2176 987 2260 Augustum
1012 2181 1099 2238 tauta
1122 2173 1323 2238 immanitate
1346 2173 1446 2238 fuisse
1469 2180 1506 2236 ut

379 2300 512 2365 inimico
547 2302 673 2365 oculum
709 2299 880 2366 effoderit.-
900 2299 1048 2365 Effodere
1082 2300 1210 2366 oculum
1244 2306 1292 2364 est
1310 2300 1373 2364 telo
1396 2298 1504 2384 aliquo

379 2432 472 2490 acuto
505 2427 632 2490 oculum
669 2447 790 2491 eruere.
828 2426 944 2492 Nonne
978 2425 1141 2490 crudelius
1174 2425 1233 2490 hoc
1264 2445 1360 2511 quam
1394 2431 1430 2489 ut
1463 2425 1503 2488 ab

380 2551 530 2638 Augusto
549 2554 754 2618 commissum
775 2553 946 2619 credatur?
971 2550 1080 2617 Oodex
1101 2550 1318 2616 Memmianus
1339 2551 1435 2615 etiam
1449 2549 1502 2613 hic

379 2680 526 2744 tenebras
550 2680 641 2766 pellit
664 2680 862 2766 praebendo:

428 2804 585 2886 „effusos”
618 2827 661 2869 ex
692 2827 755 2891 quo
786 2804 943 2870 Heinsius
966 2804 1101 2889 conjecit
1129 2802 1280 2885 „effuso”
1307 2799 1397 2874 Quae
1421 2800 1503 2864 mihi

380 2951 456 2994 vera
486 2930 613 2994 videtur
644 2952 712 2995 esse
743 2931 847 2996 lectio.
879 2929 1053 2995 Effundere
1075 2931 1182 2994 oculos
1205 2937 1289 2993 certe
1312 2935 1361 2992 est
1384 2927 1502 2992 locutio

378 3057 542 3122 sollemnis
565 3079 622 3144 pro
648 3057 855 3138 „verberibus
878 3057 1050 3122 excutere”
1074 3053 1139 3120 Otr.
1164 3053 1306 3119 Pandect
1328 3055 1366 3116 19
1382 3075 1389 3116 :
1404 3053 1423 3115 2
1438 3075 1445 3117 :
1462 3054 1501 3115 13

380 3183 434 3248 ubi
461 3184 606 3270 legitur:
632 3185 731 3248 alicui
754 3184 882 3249 oculum
906 3183 1080 3250 effundere.

564 3458 598 3522 0.
622 3458 709 3522 28..
726 3506 756 3522 ..
780 3461 880 3522 toedio
903 3459 1075 3522 diuturnae
1097 3457 1296 3537 octstudirria
1317 3476 1386 3518 cum
1408 3457 1502 3519 etiam

599 3584 836 3668 mocistratc'bus
858 3604 896 3646 oc
914 3589 1027 3648 senatu
1039 3587 1162 3646 domum
1174 3583 1282 3645 accitis
1292 3582 1500 3645 rationarium

600 3711 725 3789 imperii
748 3710 933 3773 tradidit...
949 3756 956 3773 .

340 3905 342 3914 Ι
422 3943 484 4008 Βίο
517 3942 647 4008 Cassius
671 3943 709 4007 L.
735 3945 775 4007 53
802 3941 837 4006 O.
864 3945 906 4006 30
930 3943 1063 4008 eandem
1088 3964 1154 4008 rem
1179 3943 1230 4008 his
1254 3942 1361 4009 verbis
1384 3942 1499 4008 tradit:

377 4071 552 4151 ἠρρώστησεν
583 4064 674 4156 αὖθις,
703 4068 777 4133 ὥστε
801 4070 951 4147 μνδεμίοον
975 4070 1088 4134 ε’λντίδνο
1112 4069 1252 4148 σωτηρίας
1277 4075 1372 4148 σχεῖν·
1397 4068 1498 4134 udum

376 4204 447 4276 γοῦν
477 4205 514 4269 ὡς
537 4203 589 4261 καὶ
614 4199 795 4270 τελευτήσων
818 4195 933 4281 διέθετο,
958 4196 1009 4260 καὶ
1034 4195 1090 4268 τοὶς
1113 4221 1145 4259 τε
1168 4195 1270 4275 σὶρχοδς
1297 4195 1361 4265 τούς
1385 4220 1418 4258 τε
1441 4193 1497 4258 cia-

375 4339 442 4394 λονς
474 4324 539 4394 τοὺς
571 4324 698 4402 πρώτους
730 4323 781 4387 aci
811 4328 866 4385 τῶν
891 4323 1054 4400 βουλευτῶν
1078 4323 1129 4386 xci
1153 4325 1209 4384 τῶν
1233 4320 1342 4384 ἱππέων
1366 4320 1499 4399 οὲθροίσοιτ

376 4449 513 4530 δνοὶδοχσν
545 4448 600 4526 μὲν
632 4449 731 4513 οὐδένα
754 4445 908 4521 ἀπέδειξε.
924 4496 930 4511 .
945 4497 974 4511 ..
1000 4451 1040 4529 τῷ
1064 4449 1118 4525 μὲν
1144 4447 1250 4512 Πίσωνι
1272 4446 1328 4520 τοὶς
1352 4471 1386 4511 τε
1411 4445 1497 4510 δννοέ-
