3370 5450
736 724 738 728 ’
758 725 777 786 3

208 941 285 1017 erat,
326 957 344 998 a
385 955 449 1022 quo
490 935 588 1001 etiam
631 935 817 1024 imperatori
860 936 998 1023 Trojano
1039 935 1330 1002 commendabatur.

252 1061 411 1125 Defuncto
443 1082 517 1126 vero
540 1061 648 1126 Plinio
671 1063 705 1125 in
730 1061 864 1148 Septicii
888 1060 975 1126 (llari
998 1062 1151 1148 praefecti
1175 1061 1332 1148 praetorio

209 1188 384 1252 amicitiam
408 1195 440 1252 et
462 1189 594 1253 tutelam
618 1190 755 1272 transiit,
780 1211 843 1276 quo
863 1196 1155 1275 auctoreregnante
1168 1189 1333 1253 Hadriano

209 1315 304 1377 etiam
336 1314 546 1401 epistularum
576 1316 729 1399 magister
752 1315 854 1380 factus
880 1322 936 1382 est.
961 1314 1186 1380 Clarissimum
1211 1316 1333 1380 littera·

209 1460 280 1503 rum
304 1440 424 1522 lumen,
448 1441 528 1504 alter
551 1439 654 1505 Varro
677 1461 714 1505 ea
737 1448 839 1506 aetate
864 1442 953 1506 visus
976 1448 1033 1506 est.

254 1566 299 1629 At
318 1567 386 1652 jam
411 1567 522 1652 paucis
547 1566 638 1631 anuis
662 1574 743 1653 post,
766 1589 840 1632 cum
864 1568 1066 1654 antiquitatis
1090 1567 1227 1632 studiosi
1238 1565 1332 1632 Oaro-

209 1713 282 1757 nem
319 1689 476 1773 Ciceroni,
512 1690 656 1756 Ennium
688 1689 828 1778 Virgilio
853 1693 1058 1779 praeferrent,
1081 1714 1101 1757 a
1124 1693 1243 1779 quibus
1267 1699 1333 1757 stu·

210 1817 272 1880 diis
296 1816 469 1883 Suetonius
494 1825 561 1881 erat
584 1819 719 1899 alienus,
743 1819 846 1903 gloria
858 1819 915 1882 illa
927 1819 1089 1883 obscurari
1102 1825 1135 1883 et
1146 1841 1333 1884 evanescere

212 1942 325 2028 coepit.
348 1941 455 2028 Opera
479 1942 663 2028 Tranquilli
688 1964 750 2007 non
775 1963 812 2007 ea
836 1963 899 2029 qua
923 1949 996 2008 ante
1008 1943 1102 2037 laude
1113 1945 1332 2026 nominantur,

210 2069 274 2132 imo
297 2088 367 2132 raro
390 2068 429 2132 de
453 2067 493 2132 iis
516 2068 640 2154 aliquid
662 2068 822 2132 audimus.
847 2067 954 2133 Aulus
978 2067 1104 2160 Gellius
1126 2071 1176 2134 bis
1196 2076 1331 2151 tantum,

212 2193 392 2259 Macrobius
415 2183 573 2279 nusquam
597 2196 667 2280 ejus
691 2195 886 2259 mentionem
910 2195 996 2260 fecit.

255 2320 331 2385 Post
365 2320 446 2384 illud
480 2326 589 2385 autem
623 2320 840 2403 intervallum,
876 2320 960 2406 quod
994 2320 1231 2386 Antoninorum
1266 2322 1332 2387 fere

211 2469 307 2534 regno
338 2454 521 2532 occupatur,
551 2448 677 2512 saeculo
703 2449 796 2512 tertio
819 2447 925 2511 studia
949 2446 1153 2531 Suetoniana,
1177 2470 1260 2534 quae
1283 2470 1331 2513 re·

211 2574 377 2655 frixerant,
408 2573 606 2637 reviviscunt
636 2580 668 2638 et
697 2574 837 2638 excitata
867 2565 1043 2660 viguerunt
1074 2596 1176 2660 usque
1207 2575 1241 2638 in
1267 2597 1332 2640 me·

211 2699 301 2763 dium
331 2721 457 2764 aevum.
482 2698 533 2762 Ita
557 2698 589 2763 S.
614 2698 845 2786 Hieronymus,
869 2699 1083 2764 clarissimum
1107 2700 1188 2764 illud
1212 2700 1332 2764 saeculi

212 2826 318 2911 quarti
350 2827 470 2906 lumen,
503 2846 576 2889 cum
608 2825 761 2890 scriberet
790 2825 910 2888 librum
942 2847 1037 2890 suum
1072 2825 1130 2906 ,de
1151 2825 1331 2890 illustribus

211 2951 291 3014 viris
325 2950 366 3014 ab
400 2950 550 3037 apostolis
580 2971 682 3036 usquo
713 2950 752 3014 ad
781 2957 920 3015 nostram
952 2951 1109 3016 aetatem“
1142 2949 1332 3015 Suetonium

212 3075 310 3160 elegit
332 3097 428 3162 quem
451 3076 654 3162 potissimum
679 3076 871 3159 imitaretur,
898 3084 954 3158 ,ut
976 3077 1060 3162 quod
1081 3077 1136 3141 ille
1156 3077 1190 3140 in
1202 3098 1332 3141 enume-

212 3202 319 3290 randis
352 3203 523 3288 gentilium
553 3202 732 3289 litterarum
767 3202 867 3266 viris”
899 3202 1025 3283 fecerat,
1056 3203 1126 3288 ipse
1157 3202 1275 3266 faceret
1298 3201 1332 3264 in

212 3326 413 3392 Christianis.
439 3329 548 3414 Atque
571 3328 656 3393 idem
679 3329 714 3392 16
738 3327 933 3413 praefatione
956 3327 996 3391 ad
1020 3328 1190 3393 chronicon
1210 3328 1333 3392 Eusebi
1404 3376 1406 3380 ι

212 3460 347 3518 testatur
376 3476 409 3518 se
441 3454 542 3517 multa
565 3452 605 3516 de
628 3452 816 3538 Tranquillo
839 3459 871 3518 61
894 3453 1007 3537 ceteris
1030 3454 1212 3519 illustribus
1235 3453 1333 3518 histo·

213 3579 286 3643 ricis
322 3579 538 3642 curiosissime
573 3579 782 3665 excerpsisse.
819 3577 864 3643 Ut
895 3586 1001 3684 antem
1035 3579 1255 3667 Hieronymus
1286 3580 1332 3644 sic
1366 3575 1430 3653 esf

213 3703 347 3790 plurimi
377 3705 444 3768 alii.
476 3703 594 3768 Exstat
624 3705 738 3789 longus
768 3704 854 3786 ordo,
885 3706 943 3791 qui
965 3705 1080 3793 incipit
1102 3727 1121 3769 a
1145 3705 1333 3771 Venerabili

214 3828 300 3893 Beda
331 3837 363 3894 ct
384 3851 441 3917 per
462 3835 564 3894 totum
589 3830 654 3894 fere
678 3829 822 3894 medium
845 3851 961 3895 aevum
985 3831 1197 3911 continuatur,
1221 3851 1332 3895 eorum

213 3957 270 4040 qui
304 3954 450 4021 Suetonii
472 3956 571 4021 libros
598 3955 656 4037 ,de
679 3977 786 4020 rerum
810 3957 955 4021 naturis”
980 3957 1099 4021 imitati
1122 3957 1229 4021 simile
1253 3979 1333 4043 opus

213 4080 322 4145 eodem
346 4082 440 4146 titulo
464 4083 653 4168 inscriptum
677 4081 795 4146 chartis
820 4082 1050 4147 mandaverint.
1064 4082 1215 4148 Necraro
1228 4083 1333 4149 studio

214 4205 363 4270 imitandi
397 4229 509 4272 verum
541 4206 652 4272 cedere
678 4206 865 4292 jubebatur.
897 4206 951 4270 Sic
982 4206 1148 4292 Eginhard
1181 4208 1245 4289 ille,
1277 4208 1334 4293 qui

214 4353 297 4396 anno
335 4333 399 4396 830
435 4331 542 4397 Caroli
578 4331 688 4417 Magni
724 4333 824 4395 vitam
860 4333 1056 4419 conscripsit,
1094 4341 1158 4397 tam
1193 4333 1334 4398 studiose

216 4458 362 4523 Suetonii
387 4459 522 4544 vestigia
546 4460 669 4544 pressit,
694 4464 729 4522 61
753 4457 913 4522 interdum
938 4460 1111 4526 sententias
1134 4459 1275 4545 integras
1294 4461 1334 4523 ab
