3370 5450
742 705 786 769 25

211 914 320 996 „hoste
352 903 460 984 tune’l.
498 915 633 1004 Sejanus
667 923 744 982 tuno
774 923 842 982 erat
865 923 1031 1003 suspectus
1055 914 1165 998 hostis,
1190 913 1330 979 nondum

207 1041 371 1106 convietus
396 1043 447 1107 vel
469 1041 707 1110 condemnatus.

389 1327 423 1394 0.
450 1327 501 1394 19.
529 1327 614 1391 Num
637 1329 799 1413 Bojorum
822 1327 957 1391 medium
980 1327 1182 1390 intervallum
1204 1327 1248 1391 ud
1269 1327 1331 1391 Pu·

428 1456 569 1519 teoluuus
595 1456 696 1538 moles,
720 1456 815 1518 trium
839 1454 959 1517 milium
984 1459 1013 1517 et
1035 1459 1245 1518 sescentorum
1266 1454 1332 1538 fere

422 1601 580 1664 passuum
602 1581 749 1664 spolium,
770 1584 863 1660 poute
885 1579 1055 1658 conjunxit.

251 1801 321 1867 Hae
356 1804 389 1866 in
425 1803 636 1890 desoriptione
664 1808 812 1888 apertum
843 1802 948 1866 inesse
980 1801 1098 1878 vitium
1118 1803 1188 1888 jam
1213 1803 1332 1867 vetusti

205 1927 341 1993 editores
375 1929 535 1996 viderunt.
570 1927 657 2003 Quid
692 1929 779 1994 enim
803 1927 963 2014 signifieat
990 1927 1162 2014 „Bajarum
1187 1928 1331 1993 medium

205 2054 411 2119 intervallum
447 2053 486 2118 ad
520 2053 712 2119 Puteolanas
745 2055 889 2143 moles?”
915 2052 959 2139 si,
985 2055 1070 2140 quod
1094 2054 1192 2140 vulgo
1215 2054 1329 2120 intelli·
1454 2051 1455 2054 ’

205 2186 295 2265 gunt,
319 2181 459 2267 spatium
483 2202 503 2244 o
525 2181 615 2267 BaJ‘is
639 2181 803 2267 usquead
828 2179 990 2263 Puteolos,
1014 2180 1078 2244 duo
1101 2180 1243 2244 obstent:

225 2303 371 2385 Primo,
413 2306 619 2371 intervallum
663 2306 749 2392 quod
784 2313 832 2371 est
866 2305 959 2390 Bajas
994 2306 1077 2371 iuter
1112 2311 1144 2370 et
1169 2304 1330 2372 Puteolos

206 2431 307 2496 multo
341 2433 468 2518 longius
504 2440 552 2497 est
580 2453 676 2519 quam
708 2433 809 2496 trium
832 2432 960 2496 milium
985 2454 1148 2519 passuum.
1174 2431 1330 2516 Secundo,

205 2557 357 2623 inusitate
388 2557 448 2623 hoo
478 2564 532 2623 est
549 2559 687 2623 dietum:
712 2559 865 2645 BaJ'urum
891 2559 1035 2625 medium
1058 2560 1264 2625 intervallum
1288 2559 1329 2623 ed

204 2682 396 2749 Puteolanas
426 2685 525 2750 moles
548 2707 622 2772 pro:
647 2686 791 2751 medium
815 2687 1021 2754 intervallum
1044 2711 1064 2753 u
1086 2688 1176 2775 Bajis
1199 2689 1240 2752 ad
1263 2687 1329 2753 Pu·

202 2812 344 2878 teolanus
367 2812 477 2880 moles.

250 2937 417 3004 Aooedunt
439 2940 643 3005 auctoritates
666 2939 803 3004 aliorum
824 2941 1025 3026 scriptorum.
1038 2939 1206 3027 Imprimis
1218 2948 1327 3008 eutem

104 3045 108 3056 ¹
204 3065 285 3130 ratio
319 3063 466 3131 habenda
499 3073 547 3130 est
581 3065 695 3130 Dionis
731 3064 845 3150 Cassii,
882 3068 940 3153 qui
971 3066 1009 3133 L.
1043 3069 1083 3130 59
1117 3065 1142 3130 Ο
1178 3069 1215 3130 17
1241 3067 1328 3132 idem

201 3192 321 3256 foetum
352 3197 469 3274 narrat,
502 3212 643 3278 eumque
675 3213 712 3257 eo
734 3193 832 3258 oeteri
855 3191 1106 3279 historiographi
1130 3192 1196 3258 fere
1220 3215 1329 3259 omnes

200 3319 420 3382 consentiunt:
537 3357 549 3377 f

246 3445 326 3511 Οὐδὲ
360 3452 417 3526 γὰρ
453 3445 537 3524 μέγα
571 3471 599 3510 σι
635 3445 763 3526 ἐνόμιζεν
786 3441 856 3509 εἶναι
879 3444 959 3524 ἵππῳ
984 3447 1020 3510 δι’
1046 3448 1158 3527 ἠπείρου
1183 3447 1328 3522 διελάσαι,

201 3571 251 3636 uu
275 3573 306 3636 δὲ
329 3579 382 3645 τῆς
406 3571 557 3647 θαλάσσης
581 3573 682 3649 τρόπον
703 3571 770 3636 πινσὶ
783 3573 950 3637 διιππεῦσσιι
964 3573 1138 3651 ἐπεθύμησε,
1152 3573 1328 3655 γεφυρώσας

199 3697 233 3762 τὸ
257 3693 373 3773 μεταξὺ
396 3701 451 3760 τῶν
474 3722 507 3761 πε
532 3700 699 3762 Πσυσεόλωσ
723 3697 776 3762 uui
801 3704 858 3762 τῶν
882 3699 1016 3763 Βσιύλων.

245 3822 338 3889 Solus
362 3824 418 3910 qui
442 3844 462 3886 a
485 3825 599 3889 ceteris
622 3823 781 3911 discrepat
804 3823 966 3912 Josephus
983 3848 1049 3891 rem
1064 3827 1227 3891 itanurrat
1240 3828 1329 3892 velut

200 3957 284 4016 totus
316 3950 406 4015 sinus
429 3949 570 4033 Bajanus
593 3951 615 4016 i.
629 3972 656 4017 e.
681 3956 783 4015 totum
809 3953 948 4038 spatium
973 3973 992 4016 a
1016 3951 1141 4018 Miseno
1164 3974 1195 4019 u.
1209 3973 1237 4019 a.
1262 3952 1328 4017 Pu·

197 4077 297 4142 teolos
330 4083 425 4162 ponte
459 4082 542 4140 esset
575 4081 719 4142 stratum.
759 4075 843 4141 Oum
876 4099 950 4143 vero
983 4080 1124 4164 spatium
1146 4076 1206 4143 hoo
1230 4078 1328 4142 nimis
1427 4161 1429 4164 Ι

197 4204 330 4287 longum
355 4200 503 4266 videatur
524 4202 744 4266 auctoritatem
770 4201 907 4290 losephi
927 4204 1091 4290 negligere
1103 4204 1222 4288 licebit,
1236 4226 1326 4291 prue-

198 4329 310 4393 sertim
356 4327 440 4414 quod
483 4328 517 4392 in
562 4328 759 4394 emendando
795 4327 947 4395 Suetonio
983 4331 1155 4416 praecipue
1188 4330 1327 4396 Dionem

194 4454 344 4520 Cassium
368 4454 460 4541 sequi
483 4461 614 4540 oportet.
1343 4442 1345 4444 ¹
