3370 5450
729 705 768 765 59

190 909 379 973 laudandam
414 931 535 975 censeo.
570 909 686 998 Neque
719 913 747 976 si
770 913 803 975 in
827 910 933 975 codice
956 910 1065 995 aliquo
1089 909 1134 973 sic
1157 909 1313 995 scriptum

191 1044 281 1120 esset,
320 1036 394 1100 aliis
430 1037 714 1124 quomodocunque
749 1038 905 1123 corruptis
940 1036 1131 1101 lectionibus
1166 1035 1240 1100 freti
1272 1035 1313 1099 ad

187 1163 382 1247 conjecturas
417 1163 672 1248 confugeremus,
708 1163 763 1228 sed
794 1164 863 1228 sine
894 1163 959 1226 ullo
992 1162 1090 1227 dubio
1114 1162 1311 1247 legeremus:

189 1287 461 1352 excellentissimo
485 1289 585 1371 cultu,
610 1291 700 1376 puris
724 1291 825 1354 laenis
848 1310 883 1354 ae
904 1289 973 1354 ¹sine
997 1290 1104 1354 anulo.

369 1585 402 1651 Ο.
430 1586 482 1653 21.
516 1586 680 1652 Dabitccit
703 1590 796 1652 etiosa
820 1611 862 1652 ινιι
879 1589 1018 1672 privatis
1040 1588 1222 1668 spectaculis
1245 1608 1313 1666 ope-

409 1735 480 1777 νιοιιο
509 1715 590 1778 later
613 1716 745 1778 scenicos
768 1715 867 1800 daret,
892 1715 1026 1800 quodam
1046 1719 1230 1799 praetorum
1255 1734 1312 1776 scs·

410 1845 523 1904 tertam
546 1842 643 1906 decies
665 1841 813 1920 offerente.

234 2048 324 2115 Haec
347 2057 395 2114 est
418 2051 511 2117 lectio
534 2050 651 2116 codicis
675 2050 876 2136 Salmasiani,
901 2072 985 2136 quae
1005 2050 1114 2116 eedem
1137 2049 1222 2137 apud
1235 2051 1314 2114 alios

190 2175 368 2258 nonnullos,
393 2177 476 2241 inter
499 2199 577 2263 quos
602 2183 677 2241 sunt
690 2176 887 2263 Oopesianus
900 2184 931 2242 et
943 2176 1131 2259 Vossianus,
1144 2177 1314 2263 reperitur,

189 2302 254 2366 nisi
288 2301 373 2388 quod
408 2324 464 2389 pro
501 2305 581 2384 „en”
617 2304 650 2366 in
682 2304 755 2366 aliis
786 2312 912 2389 praeter
936 2301 1171 2384 Salmasianum
1196 2303 1316 2388 legitur

194 2429 279 2510 „in'’.
315 2428 405 2503 Quae
431 2450 504 2494 vero
528 2430 561 2492 in
586 2431 699 2494 ceteris
723 2429 886 2494 codicibus
909 2435 984 2493 sunt
1007 2434 1139 2494 exarata
1161 2450 1235 2492 oum
1259 2427 1316 2491 illa

189 2555 324 2620 lectione
358 2556 526 2620 manifeste
561 2561 714 2640 pugnant.
750 2554 890 2622 Vindob.
926 2555 1050 2641 primus
1082 2560 1113 2619 et
1145 2550 1315 2618 Oortienus

189 2680 336 2745 tradunt:
372 2702 430 2746 nee
465 2680 627 2745 dubitavit
661 2680 759 2744 etiam
795 2681 928 2766 privatis
963 2679 1152 2766 spectaculis
1187 2700 1314 2766 operam

191 2808 274 2872 inter
296 2809 436 2873 scenicos
460 2807 544 2890 dare,
569 2808 685 2872 ceteri:
710 2828 771 2872 non
796 2806 957 2872 dubitavit
969 2808 1066 2872 etiam
1081 2806 1216 2894 privatis
1229 2828 1316 2892 spec·

189 2933 304 2999 taculis
327 2954 455 3019 operam
480 2933 563 2998 inter
586 2933 725 2997 scenicos
746 2932 831 2997 dare.
852 2929 1318 2998 OodioeSalmasianoeuotoro

189 3058 278 3125 Nero
312 3080 423 3144 reapse
456 3080 519 3123 non
555 3057 673 3145 prodiit
704 3059 838 3145 privetis
871 3057 1071 3144 spectaculis,
1104 3057 1161 3120 elii
1196 3056 1318 3139 codices

190 3191 299 3272 aperte
335 3191 492 3250 testantur
526 3206 600 3249 eum
636 3185 705 3249 sine
739 3185 939 3248 cunctatione
972 3183 1105 3269 privatis
1129 3183 1318 3269 spectaculis

190 3332 319 3398 operam
355 3310 489 3376 dedisse.
525 3308 643 3375 Utrum
678 3317 727 3375 est
761 3311 899 3376 verum?
923 3308 1133 3375 Conferamus
1157 3310 1319 3396 imprimis

191 3437 329 3502 Diouem
365 3434 524 3520 Cassium,
560 3438 618 3524 qui
654 3443 690 3501 ut
724 3438 757 3500 in
783 3438 856 3501 aliis
880 3437 1024 3524 partibus
1049 3435 1319 3522 Tranquillume

191 3564 328 3648 vestigio
351 3563 498 3650 sequitur
521 3565 567 3628 sic
592 3564 625 3626 in
650 3563 817 3628 narrandis
843 3564 980 3630 Neronis
994 3565 1026 3627 in
1040 3563 1164 3629 theatro
1177 3565 1318 3629 victoriis

191 3709 305 3774 parum
337 3689 389 3754 vol
419 3687 503 3751 nihil
534 3688 574 3752 ab
599 3710 635 3754 eo
660 3688 827 3775 discrepat.
854 3689 891 3756 L.
919 3691 959 3752 63
984 3712 1009 3754 e.
1036 3691 1075 3753 21
1103 3689 1180 3755 haee
1203 3689 1318 3755 tradit:

192 3813 319 3895 Λοέρκιος
346 3815 380 3880 δέ
404 3839 448 3888 τις
472 3816 569 3887 Λυδὸς
594 3818 749 3896 προσῆλθεν
774 3819 852 3896 edroi
877 3817 965 3880 πέντε
988 3816 1039 3881 ael
1066 3815 1151 3881 εἴκοσι
1175 3818 1319 3896 μυριοέδοις

194 3983 235 3992 -
269 3942 373 4007 decies
403 3942 586 4008 sestertium
619 3982 659 3990 -
693 3943 858 4023 προσφέρων
889 3941 935 4006 icc
960 3943 1137 4024 κιθοοριρδήσρ
1163 3969 1211 4007 κοιι
1236 3943 1264 4016 ὃς
1288 3946 1320 4009 τὸ

193 4070 248 4146 μὲν
279 4068 408 4148 ἀργύριον
437 4071 489 4134 οὐκ
512 4067 630 4146 ἕλοιβεν,
657 4067 832 4142 excecant
858 4072 960 4146 μισθοῦ
983 4094 1011 4133 πι
1034 4076 1152 4142 ποιῆσοιι
1180 4071 1248 4154 (acl
1273 4071 1321 4134 ta

194 4199 277 4259 τοῦτο
309 4203 483 4272 Τιγελλῖνος
515 4196 586 4259 αὐτὸ
618 4193 783 4274 ἕσὲπροιξεν,
817 4194 862 4259 tva
895 4196 937 4272 μὴ
969 4197 1057 4260 adria
1088 4196 1264 4281 ἀποκτείνῃ)
1292 4199 1320 4266 ἐς

194 4321 292 4398 μέντοι
324 4321 357 4385 τὸ
386 4321 498 4398 ttamen
522 4321 572 4384 κοιὶ
598 4321 634 4392 ὣς
658 4321 781 4384 ἐσελθών
805 4321 857 4385 acl
881 4319 1094 4402 ἐκιθαρῴδνοεν,
1119 4321 1182 4386 ἐπεὶ
1206 4329 1263 4393 τοῖς
1287 4347 1323 4399 γε

195 4448 295 4518 ἵπποις
320 4448 371 4510 οὐκ
394 4444 470 4509 ἔστιν
494 4443 542 4510 ὅτε
565 4447 630 4526 οὐχ’
657 4449 815 4523 ἡμιλλᾶτο.
