3370 5450
869 681 910 742 72

322 894 374 959 rel
408 893 496 959 aliud
528 895 755 961 vestimentum
779 894 933 980 quislibet
954 900 1065 980 sponte
1089 893 1153 958 eibi
1175 894 1282 958 animo
1305 892 1447 959 finxerit.

367 1018 460 1094 Quod
501 1020 541 1085 ad
585 1021 726 1102 „divolsa
760 1021 904 1085 sentibus
939 1019 1096 1106 paenula”
1132 1021 1271 1106 pertinet
1305 1020 1448 1087 conferre

322 1154 535 1235 opportunum
570 1154 618 1214 est
652 1168 719 1214 e.e.
757 1146 852 1212 ovid.
877 1145 997 1212 Metam
1022 1146 1060 1210 L.
1090 1147 1130 1208 14
1154 1169 1201 1211 vs.
1229 1148 1269 1210 15
1297 1154 1348 1228 „et
1370 1167 1449 1213 auro

322 1274 498 1360 fulgentem
524 1277 649 1339 ramum
669 1275 751 1340 silva
761 1274 900 1340 lunonis
913 1273 1064 1340 Avernae
1076 1273 1276 1358 Monstravit,
1284 1276 1448 1362 jussitque

321 1422 379 1465 suo
414 1399 568 1466 divellere
601 1401 744 1466 truncc''.
777 1400 857 1466 Hor.
883 1399 943 1464 Od.
967 1401 1005 1464 L.
1033 1402 1048 1463 1
1076 1402 1118 1464 36
1142 1423 1189 1466 vs.
1217 1402 1256 1464 19
1284 1423 1360 1482 „nec
1383 1401 1448 1466 Da·

323 1527 416 1591 malis
439 1549 522 1593 novo
543 1526 725 1592 Divelletur
747 1527 891 1592 adultero
911 1526 1056 1593 Lascivis
1077 1526 1203 1592 hederis
1215 1528 1447 1613 ambitiosicr'';

322 1653 432 1719 radere
456 1674 550 1718 sensu
574 1674 671 1739 quem
696 1653 836 1718 indicavi
862 1654 1021 1740 reperitur
1043 1675 1070 1718 e.
1084 1676 1111 1718 c.
1132 1654 1265 1720 Persius
1278 1656 1297 1718 2
1312 1677 1357 1721 vs.
1374 1657 1447 1741 106,

324 1779 410 1844 Plin.
431 1777 475 1842 H.
496 1779 538 1843 N.
559 1763 597 1844 L.
620 1780 660 1842 18
684 1801 711 1844 c.
735 1780 774 1842 16
798 1786 877 1864 etc.;
904 1780 1095 1865 „trajectus”
1110 1781 1229 1866 passim
1243 1802 1337 1846 sensu
1350 1802 1448 1867 quem

323 1903 463 1969 indicavi
498 1904 644 1968 occurrit.
679 1903 850 1969 Praeterea
884 1904 1203 1970 animadvertendum
1235 1911 1283 1970 est
1307 1904 1447 1970 codicem

322 2027 600 2094 Vindobonensem
626 2029 778 2115 primum,
802 2030 859 2115 qui
883 2030 994 2093 multis
1018 2030 1114 2093 etiam
1139 2015 1212 2093 aliis
1236 2029 1312 2094 locis
1333 2051 1448 2094 verum

287 2186 289 2190 ¹
322 2161 449 2221 textum
481 2155 632 2238 servavit,
657 2177 714 2242 pro
748 2155 929 2236 „surculos”
953 2155 1078 2221 tradere
1104 2155 1300 2237 „stimulos’‘.
1326 2154 1448 2242 Aptius

323 2280 382 2346 hcc
417 2301 514 2368 quam
553 2280 755 2364 „surculcs’';
784 2281 843 2345 vix
868 2280 954 2345 enim
979 2280 1131 2392 creplbile
1154 2287 1202 2346 est
1227 2281 1370 2345 surculos
1396 2281 1448 2346 vel

324 2408 495 2472 ramieulos
518 2412 599 2472 totos
623 2428 680 2493 per
702 2406 873 2492 paenulam
897 2412 1090 2500 penetrasse.

504 2669 538 2735 0.
562 2670 614 2735 48.
640 2717 692 2735 ...
708 2670 828 2750 ,Atque
841 2671 884 2734 itu
896 2670 1065 2772 quadripes
1071 2689 1132 2750 per
1142 2670 1307 2752 ulapustias
1318 2670 1447 2750 effossae

545 2815 693 2860 ccvcrccuc
723 2802 861 2878 receptas
890 2795 924 2858 iu
950 2797 1131 2880 proximum
1161 2795 1278 2880 cellam,
1302 2797 1447 2861 decubuit

544 2942 638 3004 super
672 2921 782 2985 lectum
811 2921 931 2985 modica
954 2921 1076 3004 catatu,
1098 2928 1195 2986 cetere
1212 2921 1312 3006 pullio
1336 2927 1447 3006 struto,

546 3049 745 3113 instructam.
824 3029 826 3034 ⁵

367 3259 399 3324 N
401 3282 440 3326 011
472 3261 584 3327 dubito
606 3262 687 3346 quin
710 3262 808 3326 etiam
833 3261 886 3326 hic
908 3260 1047 3326 Vindob.
1071 3281 1251 3348 paveram
1276 3261 1446 3326 lectionem

323 3389 499 3453 servaverit
523 3395 593 3475 post
620 3391 767 3469 „vetere”
791 3387 914 3474 adjecta
933 3387 1090 3475 particula
1114 3386 1228 3473 „que'’.
1250 3365 1450 3451 Lectueerat

324 3514 496 3579 instructus
521 3513 645 3578 modica
667 3514 784 3578 culcita
807 3520 838 3579 et
863 3521 969 3580 vetere
990 3513 1096 3601 pallio,
1116 3511 1200 3601 qued
1221 3518 1449 3578 eratstratum.

369 3637 405 3702 Si
437 3639 515 3725 quid
547 3640 581 3702 in
605 3639 663 3704 illa
686 3640 821 3706 lectione
844 3646 968 3705 mutare
993 3639 1081 3721 libet,
1108 3641 1212 3726 „que”
1237 3639 1344 3726 aptius
1367 3637 1450 3724 adji-

323 3766 407 3830 citur
441 3772 511 3853 post
549 3767 704 3847 petrato’H
738 3767 861 3832 modica
884 3766 1011 3849 culcita,
1036 3737 1143 3832 vetere
1166 3766 1263 3853 pallio
1285 3771 1450 3851 stratoque

324 3891 526 3957 instructum.
561 3892 600 3956 In
635 3893 752 3958 culcita
785 3900 881 3981 caput
909 3894 1133 3977 reclinabatur,
1157 3895 1191 3957 in
1215 3899 1313 3959 stratu
1335 3914 1452 3979 corpus

320 4019 457 4104 jacebat,
493 4020 591 4106 pallio
626 4020 803 4105 tegebatur.
839 4018 922 4084 Oum
937 4105 943 4118 ,
959 4043 1034 4086 vero
1065 4022 1174 4086 nullus
1205 4021 1306 4087 codex
1330 4026 1452 4085 annuat

324 4145 405 4210 hanc
415 4143 635 4232 Oudendorpii
647 4147 859 4232 conjecturam
873 4152 998 4255 tantum
1011 4168 1258 4213 commemorare
1269 4148 1347 4212 satis
1356 4146 1450 4211 duxi.
