3370 5450
704 721 791 808 xcr

255 932 346 998 Idem
389 932 493 997 obstat
527 954 568 997 nc
602 932 787 997 cubiculum
824 933 985 1019 intelligas
1020 933 1101 997 illud
1135 933 1219 1020 quod
1255 934 1334 998 alibi

212 1065 383 1145 suggestus
406 1060 458 1124 vel
481 1058 612 1145 podium
638 1059 828 1146 appellatur,
852 1060 955 1124 locum
981 1083 1024 1126 sc.
1038 1060 1204 1126 editiorem
1218 1083 1260 1126 ex
1272 1083 1336 1148 quo

211 1185 302 1252 ludos
325 1194 466 1273 spectare
491 1184 642 1252 Caesares
665 1187 809 1251 solebant
833 1225 872 1234 -
899 1186 955 1251 cfr.
980 1186 1039 1252 hcc
1062 1186 1145 1251 libro
1168 1209 1195 1251 c.
1223 1188 1262 1249 12
1282 1225 1334 1253 -.

257 1312 308 1376 Ad
344 1312 429 1376 hunc
463 1320 571 1377 autem
607 1313 711 1377 locum
748 1311 975 1398 explicandum
1012 1311 1063 1378 vel
1096 1311 1332 1376 sollicitandum

212 1440 371 1526 imprimis
406 1439 552 1504 habenda
584 1445 632 1503 est
656 1439 736 1504 ratio
759 1437 884 1521 Dionis,
908 1439 966 1524 qui
989 1438 1027 1502 L.
1054 1439 1095 1500 63
1120 1459 1146 1504 c.
1173 1439 1226 1523 21,
1251 1444 1334 1524 post·
1380 1523 1382 1530 Ι

205 1586 305 1651 λ(οιιεοιη
349 1565 636 1651 peregrinationem
681 1563 713 1628 N
715 1564 819 1628 eronis
863 1565 896 1627 in
939 1563 1085 1646 Graecia,
1129 1564 1268 1629 reditum
1304 1571 1335 1630 st

210 1692 412 1778 triumphum
437 1713 537 1779 paene
561 1690 675 1755 iisdem
700 1690 818 1776 quibus
843 1689 1015 1755 Suetonius
1036 1693 1142 1756 verbis
1155 1692 1333 1780 descripsit,

210 1817 249 1882 de
263 1819 395 1882 ,coronis
418 1818 495 1884 haec
518 1818 617 1901 addit,
641 1838 724 1904 quae
747 1818 851 1905 palam
873 1840 945 1883 cum
959 1818 1142 1905 Tranquilli
1154 1821 1334 1884 narratione

211 1950 373 2029 pugnant:
397 1943 448 2007 real
471 1945 537 2018 τοὺς
550 1943 735 2024 cardiacae,
760 1943 878 2014 τούτους
898 1969 931 2008 τε
950 1943 1002 2008 acal
1015 1945 1081 2017 τοὺς
1093 1944 1202 2018 ἄλλους
1215 1946 1332 2017 πάντας
1411 2013 1412 2018 1

211 2067 290 2140 ὅσους
325 2067 438 2150 ἅρμασι
474 2070 592 2144 νικήσας
628 2071 752 2151 εἰλήφει,
785 2073 814 2142 ἒς
845 2072 892 2136 τὸν
924 2071 1098 2151 ἱππόδρομον
1121 2073 1259 2150 §adoraris
1282 2072 1333 2137 κοιὶ

210 2199 250 2275 τῷ
274 2196 415 2276 ὀβελίσκῳ
440 2199 478 2275 τῷ
504 2197 660 2277 Αἰγυπτίῳ
684 2199 852 2276 περιέθηκεν.

254 2322 412 2409 Equidem
456 2322 569 2388 Dionis
613 2323 856 2410 descriptionem
894 2346 1002 2390 veram
1039 2332 1132 2411 put03
1170 2324 1331 2392 Neronem

209 2469 338 2512 coronas
374 2449 493 2512 circum
529 2448 704 2514 obeliscum
735 2449 953 2537 Aegypticum
987 2451 1140 2537 posuisse,
1165 2452 1221 2536 qui
1244 2452 1331 2515 locus

209 2574 249 2638 ad
285 2574 483 2661 recipiendas
517 2582 549 2639 et
572 2575 773 2640 ostentandas
796 2597 924 2640 coronas
948 2583 1032 2642 certe
1055 2577 1203 2641 cubiculo
1228 2579 1330 2642 multo

208 2700 311 2786 aptior
346 2707 403 2764 est.
439 2699 544 2774 Quam
575 2701 609 2763 in
641 2701 831 2765 sententiam
863 2709 974 2788 sponte
997 2725 1031 2768 se
1054 2702 1328 2768 commendantem

207 2826 352 2912 plerique
375 2805 472 2890 etiam
497 2827 756 2913 interpretatores
778 2828 927 2893 abierunt
949 2836 981 2894 et
999 2829 1039 2893 ad
1060 2850 1130 2894 eam
1143 2830 1328 2916 exprimen-

208 2950 279 3014 dam
304 2951 393 3016 varia
416 2951 634 3017 adhibuerunt
656 2953 840 3018 tentamina.
866 2953 955 3018 Inter
977 2975 1059 3040 quae
1083 2955 1243 3041 imprimis
1262 2956 1331 3020 lau·

207 3075 310 3142 danda
340 3078 422 3142 mihi
457 3078 585 3144 videtur
616 3081 797 3164 conjectura
820 3079 863 3144 Is.
888 3078 997 3144 Vossii
1020 3081 1173 3166 legentis:
1199 3083 1232 3145 in
1256 3083 1330 3148 obc-

209 3203 295 3268 liscis
330 3205 407 3268 circi
442 3205 598 3270 conlectus
633 3206 759 3292 posuit;
794 3205 912 3271 etenim
948 3205 1026 3270 haec
1057 3207 1150 3271 lectio
1174 3203 1330 3294 paruma

208 3328 313 3393 verbis
347 3329 473 3395 traditis
509 3329 629 3395 recedit
664 3337 696 3395 et
728 3331 827 3394 simul
860 3352 932 3394 cum
967 3330 1081 3395 Dionis
1117 3331 1329 3418 descriptione

206 3455 363 3521 convenit.
388 3455 473 3537 Quia
494 3461 603 3528 ¹tamen
627 3462 770 3542 tempore
795 3454 934 3521 Neronis
958 3476 1042 3520 unus
1065 3463 1190 3522 tantum
1214 3458 1329 3522 obelis-

207 3601 272 3662 cus,
296 3581 352 3667 qui
375 3580 493 3645 dicitur
517 3581 712 3668 Aegyptius,
736 3581 770 3644 in
794 3582 877 3646 circo
901 3582 1014 3665 stabat,
1035 3582 1198 3668 singulare
1210 3583 1329 3669 plurali

207 3706 448 3792 praeferendum
473 3728 584 3773 censeo
608 3715 639 3772 et
661 3707 852 3793 legendum:
873 3706 984 3773 Sacras
1004 3731 1132 3775 coronas
1145 3709 1178 3773 in
1192 3709 1330 3774 obelisco

206 3831 282 3895 circi
306 3832 462 3897 conlectae
484 3833 601 3920 posuit.

392 4045 425 4111 0.
457 4046 509 4112 26.
541 4033 704 4127 Quintana
727 4048 809 4111 deaii
830 4050 1006 4130 conciliata,
1028 4049 1083 4112 abi
1098 4055 1215 4133 pariae
1237 4057 1265 4114 et
1287 4053 1331 4115 ad

426 4171 628 4235 licitationem
669 4172 853 4237 dividendae
894 4174 1032 4254 praedae
1063 4176 1198 4254 pretium
1233 4176 1326 4240 obsa-

426 4302 571 4360 meretur.

249 4469 320 4550 Quo
356 4471 458 4556 magis
493 4471 571 4536 haec
601 4472 699 4538 verba
729 4480 834 4537 mente
866 4474 958 4538 volvo
989 4495 1026 4538 eo
1049 4474 1156 4538 minus
1180 4496 1217 4540 ea
1242 4483 1328 4540 recta
