3370 5450
916 702 956 776 16

554 988 581 1054 0
613 991 630 1051 7
635 990 654 1052 5
689 991 802 1053 bestias
824 1009 944 1074 qaoque
966 990 1010 1053 ad
1030 1009 1147 1053 mamus
1168 989 1277 1073 papali
1301 999 1497 1071 amaparalas

593 1087 872 1180 aoalraaldaoeral.

418 1348 591 1415 Genitivus
629 1350 779 1437 „populi”
809 1372 866 1437 pro
888 1351 1031 1435 genitivo
1054 1350 1211 1436 objectiva
1235 1349 1371 1416 habetur
1395 1353 1495 1416 etita

375 1477 573 1563 explicatur:
608 1498 727 1542 munus
760 1479 877 1563 populo
911 1477 1061 1542 dandum.
1087 1476 1176 1542 Talis
1201 1484 1309 1542 autem
1333 1479 1499 1563 genitivus

371 1605 550 1691 objectivus
571 1626 645 1668 oum
668 1603 774 1668 indole
796 1603 927 1688 linguae
950 1601 1084 1666 Latinae
1107 1609 1239 1689 pugnat.
1260 1602 1389 1668 Dicitur
1409 1604 1494 1668 enim

379 1753 487 1812 „amor
509 1730 592 1795 Dei”
615 1750 672 1816 pro
699 1749 806 1810 „amor
830 1728 864 1791 in
887 1727 1027 1811 Deum”‚
1052 1728 1130 1814 quia
1154 1728 1242 1793 Deus
1266 1736 1314 1794 est
1336 1729 1495 1814 objectum

375 1857 508 1922 aetionis
543 1854 682 1937 amandi,
715 1855 812 1920 etiam
844 1852 1009 1935 „studium
1035 1854 1263 1940 reipublioee‚''
1288 1855 1365 1942 quia
1389 1877 1499 1943 respu-

250 2016 252 2022 ·
375 1986 458 2050 blioa
483 1983 535 2048 vel
559 1983 763 2069 magistratus
787 1987 862 2045 sunt
884 1982 1044 2066 objectum
1069 1981 1122 2044 eui
1145 1980 1300 2045 studetur.
1326 1981 1399 2047 Non
1423 2004 1498 2047 vero

376 2111 495 2175 dieitur
532 2131 669 2192 „munus
692 2108 824 2196 populi”
849 2129 906 2194 pro
933 2128 1069 2187 „munus
1094 2108 1211 2193 populo
1234 2107 1415 2192 dandum”;
1440 2130 1498 2173 neo

376 2237 478 2322 magis
513 2237 629 2301 Latine
663 2235 773 2300 dieunt
810 2233 948 2314 „donum
971 2233 1053 2296 filii’'
1078 2255 1135 2319 pro
1161 2233 1297 2314 „donum
1323 2234 1407 2320 quod
1430 2234 1498 2299 filio

374 2362 561 2446 tribuitur”‚
585 2364 662 2448 quia
685 2362 772 2425 filius
796 2381 859 2424 non
882 2365 930 2424 est
952 2360 1111 2445 objectum
1136 2361 1269 2424 aetionis
1292 2359 1399 2424 dandi.

420 2487 526 2562 Quare
550 2489 694 2576 plerique
718 2487 882 2551 molestam
908 2507 1017 2550 vocem
1046 2486 1197 2572 „populi”
1222 2486 1332 2551 tollere
1355 2487 1497 2554 volentes

375 2615 572 2700 seripserunt
610 2612 667 2694 „ad
698 2633 816 2676 munus
847 2611 1044 2696 pnblieum”‚
1068 2611 1125 2673 alii
1149 2632 1257 2675 vaeem
1285 2611 1436 2697 „populi”
1462 2619 1497 2675 ut

374 2739 487 2803 falsam
522 2739 718 2804 deleverunt.
752 2736 913 2800 Neutrum
936 2744 1043 2800 tamen
1067 2733 1244 2798 remedium
1269 2740 1380 2822 aptum
1404 2735 1496 2818 duxi,

374 2866 450 2950 quia
481 2864 612 2928 tertium
637 2863 738 2927 multo
762 2862 943 2947 simplioius'
964 2861 997 2923 in
1021 2867 1170 2946 promptu
1195 2866 1259 2924 est:
1287 2859 1346 2941 „ad
1379 2882 1496 2925 munus

375 2990 492 3076 populo
523 2994 718 3074 comparatas
740 2988 823 3052 ete.'’
847 2985 951 3059 Quam
975 2986 1172 3050 levissimam
1198 2986 1405 3050 mutationem
1427 2987 1495 3071 jam

374 3113 620 3201 Oudendorpius
656 3116 688 3178 in
723 3106 981 3177 adnotationibus
1015 3113 1098 3176 inter
1131 3111 1195 3174 alia
1218 3111 1385 3175 oonamina
1407 3133 1490 3175 oom-

374 3242 589 3322 mendaverat,
615 3206 808 3304 nontamen
833 3259 931 3302 ansus
955 3243 1002 3302 est
1025 3238 1058 3300 in
1081 3242 1209 3300 textum
1236 3237 1385 3322 recipere.
1411 3234 1493 3301 Cum

377 3391 451 3434 vero
486 3368 666 3455 simplieius
699 3365 877 3431 remedium
912 3386 1015 3450 neque
1050 3362 1202 3429 offeratur
1236 3368 1268 3427 et
1303 3363 1361 3427 vix
1396 3364 1493 3426 etiam

374 3494 550 3579 excogitari
593 3494 691 3579 possit
725 3491 872 3578 equidem
908 3492 1121 3576 conjecturam
1154 3488 1236 3553 hano
1273 3509 1335 3552 non
1370 3487 1495 3552 dubita·

375 3621 477 3686 verim
501 3619 679 3683 admittere.

466 3886 469 3894 ·
554 3857 581 3924 C
603 3857 655 3920 77.
691 3857 781 3920 Nihil
810 3876 873 3919 esse
896 3855 1126 3938 rempublicam,
1151 3853 1385 3936 appellationem
1409 3857 1496 3916 ruodo

594 3985 663 4047 sime
686 4004 810 4067 corpore
833 4004 871 4046 aa
892 3983 998 4064 speeie.

419 4194 548 4281 Species
582 4199 630 4258 est
665 4199 835 4258 externum
871 4191 959 4277 quid,
994 4191 1028 4254 id
1058 4190 1142 4276 quod
1166 4191 1370 4275 eonspiaitur,
1395 4210 1493 4275 quare

373 4322 469 4386 etiem
501 4321 608 4405 imago
631 4320 664 4382 in
688 4319 807 4383 somnis
830 4339 986 4404 apparens
1009 4325 1041 4382 et
1064 4316 1242 4380 similitudo
1265 4317 1312 4380 rei
1334 4315 1394 4378 hae
1418 4337 1493 4379 voee

373 4447 590 4540 designantur.
626 4444 717 4510 Idem
751 4444 933 4530 intelligens
968 4443 1184 4508 Ruhnkenius
1216 4444 1249 4506 in
1274 4442 1403 4506 scholiis
1425 4443 1493 4507 suis
