3370 5450
915 677 957 739 40

368 888 552 974 requiritur,
577 887 715 951 nimium
741 908 760 950 a
783 893 877 962 textu
902 887 1018 953 tradito
1043 888 1172 970 recedit,
1197 909 1293 974 quam
1318 889 1371 953 eui
1396 888 1493 953 fidem

366 1013 552 1079 habeamus.
585 1013 712 1078 Tollere
741 1035 851 1079 vocem
879 1014 1079 1100 „receptam”
1104 1021 1141 1079 ut
1164 1014 1294 1078 omnino
1318 1036 1414 1101 super
1438 1035 1493 1081 va·

367 1160 460 1204 cuam
485 1159 547 1203 non
572 1139 617 1203 ita
640 1140 798 1222 timerem,
818 1138 911 1204 modo
934 1137 1077 1204 viderem
1101 1160 1166 1224 qua
1189 1140 1310 1205 ratione
1334 1162 1397 1205 vox
1419 1141 1494 1226 reji-

368 1264 480 1330 cienda
503 1265 537 1328 in
561 1270 689 1330 textum
713 1265 887 1351 irrepserit.

413 1390 612 1478 Quocunque
642 1413 693 1455 me
719 1397 806 1456 verto
831 1412 937 1456 merae
961 1391 1121 1456 tenebrae.
1146 1391 1294 1456 Fortasse
1316 1411 1335 1454 a
1355 1391 1496 1456 meliori·

370 1520 430 1584 bue
464 1519 558 1582 meeis
594 1517 772 1583 remedium
804 1517 903 1604 hujus
935 1518 996 1582 loci
1020 1523 1068 1582 est
1091 1517 1352 1604 exspectandum.
1377 1517 1495 1583 Verbis

369 1644 496 1709 traditis
531 1649 615 1710 certe
651 1664 714 1708 non
748 1644 948 1730 acquiescam
985 1662 1043 1709 nec
1077 1644 1234 1730 quomodo
1265 1644 1373 1709 exiis
1397 1644 1495 1709 verba

370 1772 546 1837 sententiae
569 1771 791 1837 convenientia
815 1771 938 1857 possint
960 1770 1041 1856 fingi
1065 1771 1168 1836 video.

550 2057 584 2124 C.
620 2059 650 2121 4.
694 2057 737 2134 μὴ
772 2055 1013 2137 προυποκειμένου
1048 2057 1130 2134 ἡμῖν,
1164 2079 1254 2138 posse
1288 2078 1356 2121 eum
1390 2079 1496 2140 perere

594 2183 723 2248 bonores
745 2185 936 2248 arbitremur
959 2203 1063 2249 necne.

415 2416 498 2482 Cum
534 2419 611 2484 mesi
642 2419 726 2484 inter
756 2440 790 2483 sc
813 2418 994 2506 discrepent
1016 2416 1050 2481 in
1073 2416 1227 2483 tradenda
1249 2439 1326 2483 voce
1352 2441 1495 2499 ,reponere-

371 2544 534 2628 κειμένου”,
569 2544 604 2607 in
634 2544 797 2609 nonnullis
828 2542 951 2609 Graeca
982 2544 1080 2609 verba
1110 2543 1239 2608 omnino
1263 2542 1496 2626 desiderentur,

370 2671 427 2734 alii
461 2670 599 2735 habeant
633 2669 888 2750 προυποκειμένων,
923 2669 981 2732 alii
1011 2669 1259 2749 προυποκείμενον,
1293 2689 1355 2733 ncn
1383 2667 1496 2734 dubito

370 2797 448 2884 quin
476 2797 677 2861 accusativus
700 2802 814 2862 neuter
837 2796 1011 2881 singularis
1033 2797 1076 2860 sit
1099 2795 1336 2882 praeferendus.
1372 2794 1495 2861 Notum

371 2930 418 2987 est
449 2922 535 3008 apud
566 2921 704 2987 Graecos
735 2922 904 3008 scriptores
927 2923 961 2986 in
985 2922 1253 3009 impersonalibus
1276 2922 1495 2987 accusativum

370 3048 553 3113 absolutum
579 3069 635 3135 pro
658 3047 801 3134 genitivo
824 3048 970 3113 adhiberi
995 3071 1025 3113 v.
1038 3071 1069 3134 g.
1094 3048 1166 3122 δέον,
1190 3055 1329 3129 προσῆκον
1354 3054 1412 3114 ete.

496 3293 498 3300 Α
552 3318 586 3387 O.
611 3321 641 3384 4.
666 3323 826 3387 Tiberium
848 3322 1072 3387 adulescentem
1093 3344 1145 3405 epe
1163 3323 1496 3407 eer0,dumtuoberis,
1567 3359 1571 3366 -

592 3448 699 3511 cotidie
725 3448 859 3512 incitabo
889 3449 932 3512 oet
960 3469 1096 3533 coenem,
1128 3469 1167 3512 ce
1192 3448 1275 3512 solus
1298 3455 1404 3513 coenet
1426 3469 1495 3512 eom

591 3593 648 3636 suc
671 3571 806 3653 Sulpicio
829 3580 857 3638 et
880 3574 1087 3639 Athenodoro.

415 3810 562 3896 Apparet
585 3809 771 3893 Augustum
797 3829 892 3894 egere
915 3809 955 3874 de
980 3807 1118 3875 Olaudio
1138 3830 1237 3896 puero
1256 3810 1361 3875 adhuc
1379 3817 1411 3876 et
1430 3832 1498 3874 om-

371 3937 446 4001 nino
479 3935 616 4000 aliorum
656 3937 774 4001 tutelae
814 3937 967 4023 subjecte.
1006 3935 1171 4022 Sulpicius
1206 3943 1238 4002 et
1272 3936 1498 4002 Athenodorus

370 4063 522 4128 videntur
556 4084 625 4127 esse
663 4063 808 4148 magistri
841 4060 970 4127 Claudii
1002 4063 1043 4127 ab
1066 4063 1216 4148 Augusto
1240 4063 1405 4127 nominati.
1430 4060 1496 4126 Of.

371 4213 396 4256 c.
432 4191 471 4252 41
515 4188 712 4269 ,Historiam
746 4189 779 4251 in
811 4188 1036 4271 adulescentia,
1061 4188 1206 4254 hortante
1230 4189 1267 4252 T.
1293 4188 1399 4270 Livio,
1424 4186 1497 4251 Sul-

373 4316 457 4401 picio
493 4336 567 4379 vero
601 4314 702 4378 Flavo
733 4313 830 4378 etiam
854 4313 1037 4399 adjuvaute,
1061 4314 1199 4379 scribere
1224 4313 1393 4399 adgressus
1416 4313 1514 4397 eet”.,

373 4439 512 4527 Subjicit
538 4446 575 4519 (e.
601 4442 632 4521 4)
658 4439 844 4525 Augustus:
877 4436 962 4520 ,Qui
988 4439 1101 4505 vellem
1128 4439 1316 4524 diligentius
1339 4445 1371 4504 et
1390 4440 1498 4503 minus
