3370 5450
923 676 942 738 8

373 886 516 950 moribus
538 885 681 950 defuncti
693 907 803 951 severe
815 887 1005 951 sententiam
1018 885 1171 970 ferebant,
1184 885 1230 950 sie
1243 887 1276 950 in
1288 886 1494 951 historiarum

372 1010 524 1096 scriptore
548 1018 584 1074 ut
607 1010 702 1076 laude
725 1011 842 1096 dignus
866 1011 908 1076 sit
922 1011 1044 1098 judicis
1065 1011 1347 1097 duaepraesertim
1360 1013 1495 1077 virtutes

372 1136 590 1221 requiruntur,
626 1143 663 1201 ut
696 1137 738 1201 sit
772 1143 877 1202 certus
913 1143 944 1201 et
978 1136 1141 1201 candidus.
1174 1135 1262 1210 Quas
1286 1139 1319 1201 in
1343 1137 1495 1203 Suetonio

373 1261 507 1348 reperiri
536 1263 685 1327 omnibus
708 1263 765 1349 qui
790 1263 872 1328 vitas
896 1262 1064 1328 duodecim
1088 1261 1262 1327 (laesarum
1288 1264 1435 1348 legerunt
1458 1265 1492 1327 in

372 1388 513 1455 confesso
537 1396 594 1454 est.
717 1385 723 1396 '

417 1514 579 1580 Plurimos
609 1515 696 1579 enim
720 1516 777 1601 qni
800 1514 839 1579 de
864 1515 1047 1601 principum
1072 1513 1206 1579 historia
1229 1515 1260 1580 ei
1284 1515 1496 1601 suppetebant

373 1641 475 1705 fontes
507 1638 680 1726 prudenter
702 1639 783 1704 adiit
805 1647 837 1704 et
860 1662 902 1704 ex
926 1640 967 1704 iis
990 1639 1100 1704 ordine
1120 1640 1327 1725 interrogatis
1353 1641 1497 1705 maxima

374 1788 447 1831 oum
472 1786 684 1831 curararum
708 1765 853 1832 deduxit.

418 1891 492 1957 Non
515 1892 617 1957 solnm
641 1893 915 1958 senatusconsulta
938 1899 970 1957 et
993 1897 1063 1956 aeta
1081 1891 1207 1974 diurna,
1229 1893 1494 1978 scriptaaliorum

373 2027 405 2086 et
434 2020 591 2085 orationes
622 2018 676 2084 sed
700 2020 797 2084 etiam
821 2019 1051 2104 imperatorum
1075 2017 1218 2103 ipsorum
1241 2018 1496 2100 commentarios,

374 2145 506 2226 litteras,
530 2144 696 2225 orationes,
720 2143 817 2228 leges,
841 2142 1025 2228 diplomata,
1049 2143 1221 2207 rationaria
1241 2142 1380 2228 imperii,
1393 2142 1496 2208 edicta

286 2299 288 2304 ’
375 2276 407 2335 et
430 2269 627 2334 laudationes
651 2289 727 2355 prae
750 2268 900 2332 manibus
922 2267 1038 2332 habuit
1060 2266 1231 2333 Praeterea
1250 2268 1497 2333 rumoresaulae

375 2401 407 2486 et
442 2391 621 2481 populares,
644 2393 822 2458 aulicorum
847 2392 975 2458 fabulae
997 2393 1220 2476 adsumuntur,
1244 2393 1301 2457 diu
1324 2401 1498 2480 pensantur

375 2525 407 2585 et
442 2541 484 2584 ex
520 2519 642 2584 cunctis
677 2518 710 2583 id
734 2517 818 2604 quod
843 2539 954 2583 verum
978 2519 1031 2583 rel
1053 2519 1230 2584 verisimile
1254 2518 1382 2584 videtur
1404 2540 1498 2605 saepe

376 2652 447 2732 post
472 2650 599 2709 acutam
623 2650 655 2708 et
678 2643 880 2729 ingeniosam
901 2643 1151 2730 disputationem
1176 2645 1390 2710 constituitur.
1415 2645 1496 2711 Rem

376 2771 514 2856 denique
537 2776 732 2856 perspectam
758 2775 841 2834 recte
864 2777 896 2834 et
915 2769 1010 2853 nude,
1031 2769 1114 2833 nihil
1126 2771 1287 2836 reticendo
1300 2773 1350 2836 vel
1363 2770 1498 2856 tegendo

376 2897 580 2982 incorruptus
601 2903 633 2961 et
651 2917 782 2961 severus
801 2895 907 2981 judex
930 2897 1073 2981 exponit.

421 3020 492 3087 Imo
537 3022 678 3087 severior
711 3042 807 3108 quam
841 3021 944 3086 lenior
979 3020 1106 3087 videtur
1139 3020 1249 3106 fuisse,
1285 3024 1406 3110 quippe
1441 3024 1497 3109 qui

378 3149 560 3234 principum
585 3149 665 3213 vitia
687 3167 785 3234 quam
804 3147 1005 3235 apertissime
1029 3147 1211 3213 ostenderit.
1236 3147 1275 3212 In
1300 3150 1369 3214 viro
1392 3156 1499 3215 autem

377 3275 492 3339 aulicis
514 3273 668 3338 familiari
691 3281 723 3341 et
746 3275 803 3360 qui
826 3275 896 3361 ipse
918 3274 1102 3359 principum
1127 3275 1259 3341 servitio
1283 3281 1351 3340 erat
1368 3274 1500 3340 adstric-

378 3407 430 3465 tus
455 3401 557 3486 magis
581 3402 678 3465 etiam
702 3400 734 3465 id
758 3401 853 3466 laude
875 3401 1010 3486 dignum
1046 3401 1207 3467 Videntur
1231 3402 1317 3467 enim
1338 3401 1421 3465 mihi
1440 3403 1501 3465 im·

380 3532 549 3612 pecatores,
594 3526 651 3611 qni
685 3547 758 3590 cum
794 3526 983 3613 Tranquillo
1018 3529 1182 3612 vixerunt,
1214 3550 1288 3593 cum
1323 3528 1501 3594 decessores

380 3674 453 3717 suos
479 3651 558 3716 adeo
581 3673 624 3716 ex
648 3673 723 3717 vero
747 3651 884 3717 describi
909 3652 1063 3734 viderent,
1088 3654 1209 3740 pluries
1232 3676 1341 3720 secum
1365 3655 1502 3740 agitasse

379 3777 457 3864 quid
492 3778 626 3863 scriptor
659 3784 725 3842 tam
749 3777 902 3842 candidus
929 3777 968 3843 de
992 3801 1025 3843 se
1044 3778 1248 3865 judicaturus
1272 3785 1363 3844 esset.
1388 3779 1438 3844 De
1461 3780 1502 3843 iis

379 3912 485 3969 tamen
528 3903 613 3989 quod
657 3910 767 3968 notum
810 3909 858 3968 est
900 3904 984 3968 nihil
1027 3905 1170 3969 tradidit.
1216 3904 1337 3969 Tacere
1382 3904 1503 3968 malens

379 4050 474 4116 quam
513 4028 650 4093 blandiri
686 4033 786 4092 morte
817 4027 997 4093 Domitiani
1032 4030 1130 4094 libros
1164 4030 1203 4095 de
1228 4031 1304 4095 vitis
1328 4028 1501 4095 (laesarum

380 4155 505 4220 clausit.

426 4279 476 4345 Ob
500 4300 597 4367 quam
621 4280 807 4345 elocutionis
831 4281 1020 4346 brevitatem
1045 4288 1077 4347 et
1096 4282 1279 4368 puritatem,
1301 4283 1334 4345 in
1347 4281 1503 4347 narrando

383 4405 479 4470 fidem
502 4426 539 4470 ao
562 4404 774 4491 diligentiam,
799 4405 918 4469 mirum
931 4427 993 4470 non
1006 4413 1053 4471 est
1065 4404 1254 4472 Suetonium
1267 4427 1361 4493 saepe
1373 4428 1392 4471 a
1404 4408 1504 4474 doctis
