3370 5450
764 738 804 796 43

217 947 402 1012 absentibus.
438 945 537 1011 Varie
572 953 679 1010 autem
714 946 891 1010 ablativum
927 947 1152 1028 „absentibus”
1178 948 1341 1033 explicare

217 1074 322 1138 conati
345 1080 428 1140 sunt.

263 1198 419 1264 Nonnulli
454 1221 528 1264 eum
564 1198 764 1285 interpretati
798 1205 874 1262 suut
909 1199 1001 1285 quasi
1037 1200 1176 1264 similem
1209 1201 1247 1279 τῷ
1284 1201 1343 1282 „ab

218 1325 425 1390 absentibus’'
452 1327 500 1389 vel
528 1325 585 1406 „de
609 1324 826 1390 absentibus'’.
853 1322 969 1388 Merito
992 1330 1100 1388 contra
1124 1324 1194 1389 illos
1219 1323 1341 1390 Grono-

219 1451 309 1513 vius:
346 1450 431 1515 Dare
465 1451 574 1536 aliquo
609 1450 675 1514 invi
711 1455 760 1513 τοῦ
794 1450 834 1513 ab
869 1451 978 1535 aliquo
1010 1450 1061 1515 vel
1085 1449 1124 1514 de
1148 1451 1256 1536 aliquo
1279 1473 1341 1517 non

220 1577 323 1662 magis
346 1577 497 1662 cuiquam
523 1583 668 1641 veterum
693 1577 726 1639 iu
748 1582 889 1640 mentem
905 1576 1099 1661 venitquam
1114 1574 1189 1639 dare
1202 1574 1343 1661 aliquem

219 1703 288 1766 ivri
311 1707 361 1767 τοῦ
384 1702 559 1767 secundum
584 1704 734 1789 aliquem.

264 1829 468 1894 Burmannus
495 1831 616 1917 aliique
644 1831 870 1911 „absentibus”
895 1838 1100 1916 sumpserunt
1124 1853 1181 1918 pro
1204 1834 1345 1899 ablativo

219 1956 491 2042 absolutqlcujus
515 1956 694 2042 subjectum
718 1956 871 2020 omissum
896 1964 995 2020 esset:
1020 1957 1048 2020 si
1067 1959 1134 2043 qui,
1149 1980 1232 2041 reus,
1247 1960 1346 2024 altera

221 2102 293 2168 pars
317 2082 366 2146 vel
392 2081 455 2145 tale
478 2081 567 2167 quid.
592 2079 683 2155 Quae
703 2082 877 2168 explicatio
896 2103 972 2146 saue
985 2083 1193 2148 verisimilior
1208 2083 1345 2148 videtur.

221 2205 295 2271 Nou
325 2213 431 2272 umen
463 2207 613 2294 exempla
636 2229 717 2293 quae
741 2229 783 2271 ex
808 2206 960 2272 Suetonio
983 2206 1163 2272 efferuntur
1186 2215 1345 2274 construc-

221 2333 339 2396 tionem
371 2333 459 2396 illam
492 2334 635 2419 probant.
668 2356 698 2400 v.
728 2331 883 2398 Claudius
906 2355 932 2400 c.
958 2335 1000 2396 36
1027 2355 1108 2416 „non
1132 2336 1266 2421 repertis
1289 2335 1347 2420 qui

221 2463 430 2542 sequerentur
459 2459 679 2544 exemplum”,
711 2458 798 2523 Nero
830 2480 856 2522 c.
889 2459 929 2520 23
966 2458 1197 2541 „hortantibus
1222 2459 1346 2524 recede-

223 2581 308 2662 bat'’‚
334 2581 406 2648 Tib.
432 2604 457 2648 c.
483 2585 521 2646 31
553 2586 749 2664 „censente'’.

267 2707 305 2771 In
341 2708 391 2772 his
426 2709 574 2773 omnibus
611 2710 697 2774 enim
733 2709 913 2795 subjectum
949 2711 1102 2774 omissum
1136 2733 1177 2775 ex
1201 2712 1242 2774 iis
1266 2733 1349 2797 quae

222 2835 369 2920 proxime
400 2835 592 2900 antecedunt
621 2835 672 2900 vel
701 2841 880 2922 sequuntur
910 2836 1004 2901 facile
1028 2837 1231 2921 intelligitur.
1264 2837 1349 2903 Loco

223 2982 298 3025 vero
320 2961 358 3025 de
383 2983 446 3046 quo
468 2960 671 3047 disputamus
695 2981 854 3047 nusquam
875 2960 913 3026 de
937 2962 978 3024 iis
1002 2963 1059 3047 qui
1082 2964 1215 3027 aberant
1227 2963 1346 3026 mentio

222 3088 268 3153 fit.
293 3086 398 3151 Immo
422 3087 601 3172 ignorantia
625 3087 768 3173 ejusdem
793 3087 930 3173 subjecti
957 3089 1040 3152 viros
1062 3087 1198 3152 Latinae
1217 3089 1349 3172 linguae

223 3214 434 3299 peritissimos
457 3214 491 3276 in
517 3215 621 3277 varias
645 3213 922 3299 interpretationes
946 3213 1087 3280 diduxit.

269 3338 346 3403 Tale
381 3346 488 3404 autem
508 3333 690 3403 'obscurum
715 3338 842 3403 dicendi
865 3360 967 3424 genus
990 3359 1010 3400 a
1032 3338 1192 3424 pellucida
1215 3344 1247 3402 et
1271 3337 1347 3400 sim·

224 3466 301 3553 plici
325 3463 472 3530 Suetonii
496 3467 676 3531 narratione
698 3466 841 3530 alienum
866 3465 1003 3532 videtur.
1028 3465 1225 3552 Recipienda
1246 3465 1346 3549 igitur

225 3597 274 3656 est
307 3591 400 3655 lectio
435 3612 531 3676 quam
564 3593 729 3679 proposuit
760 3590 960 3674 Gronovius3
984 3591 1142 3678 syllabam
1165 3595 1201 3654 ite
1222 3591 1347 3655 censuit

226 3717 385 3781 excidisse
409 3723 441 3781 et
463 3718 576 3782 statuit
599 3716 789 3803 legendum:
811 3717 861 3782 De
872 3717 1059 3783 absentibus
1070 3715 1245 3781 secundum
1259 3736 1348 3801 prae-

225 3850 330 3909 sentes
354 3843 507 3907 facillime
533 3843 637 3910 dabat.

406 4054 439 4122 0.
477 4056 528 4122 15.
564 4056 709 4142 Equitem
744 4057 867 4142 quidem
898 4058 1075 4122 monum
1099 4057 1292 4146 obscenitatis
1317 4058 1352 4119 iu

448 4183 583 4266 feminus
612 4204 709 4266 reum,
741 4184 795 4246 sed
825 4183 907 4266 falso
939 4190 968 4246 et
990 4183 1027 4245 ab
1050 4184 1269 4264 impotentibus
1292 4184 1351 4246 ini·

454 4310 541 4371 micis
563 4309 689 4388 conficto
713 4310 841 4372 crimine
856 4359 862 4374 .
878 4359 884 4374 .
900 4359 929 4374 ..

276 4465 349 4541 Quo
384 4468 511 4554 saepius
543 4467 621 4532 hacc
652 4467 716 4552 legi
747 4489 784 4532 eo
816 4469 923 4532 minus
946 4469 1147 4554 acquiescere
1171 4470 1260 4556 potui
1287 4470 1356 4542 voci
