3370 5450
927 723 968 784 36

564 983 598 1049 C.
632 983 685 1046 49.
726 983 836 1049 Urbem
868 984 971 1048 natali
1001 1004 1058 1046 suo
1090 967 1248 1065 impressus
1279 991 1332 1048 cst.
1357 984 1510 1067 Intraque

605 1116 754 1195 quartum
776 1131 909 1175 mensem
928 1112 1032 1191 periit.

427 1327 541 1416 Capite
573 1338 683 1396 octavo
714 1330 850 1416 legitur:
873 1329 909 1394 C.
934 1311 1052 1397 Caesiar
1074 1338 1237 1396 natusest
1260 1332 1364 1418 pridie
1386 1331 1507 1396 Kalen-

382 1454 439 1519 das
476 1455 689 1543 Septembres,
726 1456 840 1544 Capite
874 1459 1142 1544 quinquagesimo
1173 1471 1300 1524 octavo:
1326 1459 1419 1523 Nono
1441 1458 1508 1522 Ka-

383 1582 492 1647 lendas
526 1583 720 1649 Februarias
751 1584 870 1649 dicitur
900 1607 968 1649 esse
1001 1585 1196 1650 interfectus.
1222 1585 1274 1648 Ex
1299 1607 1336 1650 eo
1360 1585 1507 1671 Ryckins

382 1714 414 1773 et
449 1711 544 1774 multi
578 1711 635 1774 alii
671 1701 831 1792 censuere,
868 1733 940 1775 curn
976 1712 1058 1775 intra
1095 1711 1244 1797 quintum
1269 1733 1411 1776 mensem
1437 1720 1508 1797 post

380 1836 516 1901 natalem
545 1858 639 1901 suum
665 1834 813 1923 Caligula
837 1837 932 1903 caede
955 1838 997 1901 sit
1020 1838 1217 1920 interfectus,
1242 1837 1411 1922 legendum
1437 1859 1506 1901 esse

385 1963 487 2044 ,intra
519 1965 668 2050 quintum
701 1965 876 2030 mensem'’.
901 1964 994 2046 Quod
1018 1987 1074 2030 cur
1098 1966 1131 2028 in
1156 1964 1351 2029 editionibus
1374 1986 1436 2028 non
1460 1965 1503 2027 sit

380 2097 544 2177 receptum
580 2090 693 2153 mirari
727 2096 810 2155 certe
843 2089 926 2155 licet.
959 2089 1115 2172 Profecto,
1139 2091 1167 2153 si
1192 2089 1411 2176 Tranquillus,
1435 2111 1504 2152 sus·

380 2239 477 2303 penso
511 2216 618 2280 animo
652 2222 684 2281 et
717 2221 879 2302 occupato,
915 2217 984 2301 ipse
1020 2216 1083 2281 sibi
1118 2216 1292 2302 obloquens
1323 2216 1503 2302 scripsisset

383 2344 485 2424 ,intre
508 2349 658 2429 quartum
682 2343 856 2425 mensem’',
880 2332 984 2407 cuivis
1004 2343 1191 2425 amicorum,
1214 2343 1280 2406 imo
1298 2342 1504 2407 librariorum

379 2470 431 2535 vel
462 2489 627 2534 servorum
663 2489 683 2532 a
718 2489 814 2534 manu
850 2469 969 2554 gratias
1005 2469 1132 2554 egisset,
1169 2469 1227 2555 qui
1262 2469 1370 2554 legens
1393 2467 1442 2531 rel
1465 2466 1504 2530 de

379 2595 520 2661 scribens
543 2595 744 2660 correxisset.

423 2721 496 2786 Non
522 2743 596 2786 vero
620 2721 747 2787 credere
770 2721 845 2786 licet
869 2721 1054 2806 scriptorem
1079 2721 1158 2784 alias
1183 2742 1309 2807 semper
1331 2720 1502 2784 accuratis-

377 2849 496 2913 simum
521 2847 600 2912 adeo
624 2854 730 2912 mente
754 2849 879 2934 lapsum
905 2869 990 2912 esse:

556 3107 590 3175 C.
623 3109 676 3172 50.
703 3106 852 3174 Creditur
870 3110 1053 3189 potionatus
1076 3129 1096 3171 o
1123 3107 1272 3172 Caesonio
1296 3126 1391 3170 creare
1414 3127 1502 3170 amo-

597 3238 676 3300 torio
706 3237 829 3321 pre-idem
859 3236 1087 3317 medicamenta
1118 3235 1172 3299 sed
1203 3234 1285 3318 quod
1303 3235 1339 3297 tc
1361 3233 1503 3316 furorem

598 3368 742 3426 uerteret.

420 3595 495 3660 Vox
530 3595 751 3681 „potionatus”
783 3595 897 3660 merito
928 3595 1141 3681 suspicionem
1172 3594 1369 3679 corruptelae
1392 3593 1500 3678 ‹ledit;

374 3723 460 3810 apud
492 3722 573 3787 solos
605 3721 691 3786 enim
715 3722 883 3807 scriptores
907 3721 1006 3786 medii
1031 3721 1103 3785 aevi
1127 3720 1264 3784 occurrit
1287 3740 1398 3783 sensu:
1423 3719 1499 3783 dare

374 3849 550 3914 bibendum
581 3871 611 3913 v.
632 3869 662 3932 g.
685 3849 847 3933 potionare
869 3849 1062 3933 jumentum.
1089 3845 1194 3919 Quare
1218 3847 1251 3908 in
1276 3851 1425 3932 promptu
1449 3851 1499 3909 est

374 3975 501 4039 credere
520 3995 590 4069 eam
613 3994 632 4036 a
656 3973 787 4037 librario
812 3974 883 4058 ejus
905 3973 1018 4037 aetatis
1042 3994 1098 4057 pro
1117 3972 1181 4035 alia
1206 3992 1281 4035 voce
1302 3972 1498 4035 tuncminus

374 4100 501 4184 vulgari
525 4121 593 4164 esse
616 4099 777 4163 insertam.

418 4224 572 4288 Nicoleus
597 4223 754 4288 Heinsius
777 4224 847 4288 ideo
873 4224 1054 4309 proposuit:
1080 4224 1207 4308 potione
1230 4222 1398 4304 invitatus,
1423 4244 1497 4286 cum

374 4350 621 4437 Oudendorpius
653 4349 846 4414 defenderit:
878 4349 1004 4434 potione
1027 4354 1176 4413 tentatus.
1202 4348 1365 4412 Neutrum
1389 4355 1497 4412 tamen

373 4477 455 4541 mihi
488 4475 640 4563 probatur
670 4477 709 4539 ob
738 4475 798 4540 hoc
821 4467 904 4560 ¹quod
928 4475 1090 4561 sequitur:
1114 4474 1333 4539 amatorio...
1359 4472 1497 4538 medica·
