3370 5450
711 787 753 847 35

170 997 281 1079 Basil,
316 998 526 1084 discretisque
560 996 817 1084 Oudendorpius,
854 997 1071 1084 districtisque
1092 973 1238 1061 'Momm
1274 1017 1293 1059 a
1380 1054 1384 1062 .

171 1127 275 1211 prima
299 1146 394 1188 manu
420 1145 476 1210 pro
500 1123 728 1210 distractisque
753 1122 805 1188 vel
829 1123 1071 1210 destructisque.

216 1250 355 1315 Videtur
377 1250 462 1336 quod
486 1248 733 1336 Oudendorpius
757 1251 934 1350 conjecerat
956 1249 1205 1336 „discretisque”
1227 1233 1299 1315 csse¹

172 1375 426 1462 praeferendum.
462 1373 498 1438 Si
532 1376 619 1440 enim
654 1353 713 1440 lloo
747 1375 814 1440 looo
850 1381 973 1439 tantum
1006 1383 1173 1462 corruptae
1203 1397 1296 1440 voces

175 1501 358 1582 „distructis
381 1503 433 1566 vel
455 1501 645 1566 destructis”
671 1507 729 1566 etc.
754 1501 959 1582 offenderent,
983 1501 1031 1565 fas
1051 1507 1134 1565 esset
1149 1500 1297 1566 dubitare

172 1629 255 1692 sitne
290 1627 461 1714 legendum
501 1628 697 1709 „discretis”,
733 1648 773 1691 an
813 1627 1023 1709 „distinctis”.
1058 1628 1187 1692 Pluries
1222 1650 1296 1693 vero

173 1756 284 1820 eadem
310 1779 374 1821 vox
401 1755 594 1837 „discretae”
620 1757 653 1819 in
679 1757 772 1820 mssis
795 1757 830 1819 in
851 1755 977 1821 casdem
998 1755 1296 1842 corruptelasabiit.

355 2041 388 2106 0.
412 2041 466 2104 44.
502 2040 666 2106 Commodo
696 2043 839 2106 emeritae
861 2042 990 2106 militiae
1012 2043 1056 2105 coi
1086 2026 1295 2106 sexcentorum

396 2168 517 2231 milium
537 2189 691 2231 summam
715 2169 831 2232 recidit.

220 2367 270 2432 Ita
293 2368 432 2433 Rothius
456 2368 624 2455 plerosque
648 2390 748 2432 mssos
770 2373 898 2432 secutus
918 2367 1037 2451 edidit3
1050 2368 1179 2433 adnotat
1191 2375 1298 2433 tamen

175 2495 327 2581 Lipsium
350 2494 541 2580 conjecisse:
566 2516 625 2559 sex
649 2493 787 2558 milium.

223 2622 325 2695 Quam
348 2622 563 2706 conjecturam
587 2620 789 2685 verissimam
815 2626 892 2706 puto
917 2627 1013 2706 atque
1036 2621 1135 2685 miror
1158 2619 1299 2684 nondum

175 2749 217 2813 ab
240 2748 415 2813 editoribus
439 2769 508 2812 csse
531 2746 714 2812 admissam.
739 2746 802 2811 Dio
826 2745 957 2811 Cassius
982 2747 1069 2811 enim
1089 2747 1126 2811 L.
1148 2749 1190 2811 55
1210 2769 1237 2811 c.
1258 2748 1300 2809 23

176 2881 301 2939 narrat:
337 2875 486 2953 ἐψηφίσθη
523 2881 584 2944 τοῖς
619 2875 673 2949 μὲν
705 2874 737 2936 ἑκ
768 2877 817 2936 τοῦ
849 2873 1030 2953 §couverterit
1055 2873 1301 2952 πεντακισχιλίας

175 3001 330 3081 δραχμάς,
357 3000 473 3063 ἐπειδὰν
496 2999 655 3063 ἑκκαίδεκα
674 2999 735 3072 ἔτη,
763 2998 980 3078 τοῖςδὲὲτέρας
994 2999 1299 3078 solemniacensem

176 3125 262 3190 εἴκοσι
286 3124 527 3205 στρατεύσωνται,
552 3125 693 3189 δίδοσθαι.

223 3249 397 3328 Commoda
428 3250 529 3336 igitur
555 3251 707 3315 emeritae
730 3250 867 3315 militiae
890 3250 930 3314 ab
955 3249 1105 3335 Augusto
1129 3252 1301 3318 constituta

177 3376 311 3441 fuerunt
337 3377 609 3462 praetorianorum
633 3375 777 3461 quinque
801 3375 901 3457 milia,
926 3382 1102 3441 ceterorum
1125 3378 1187 3440 tria
1210 3378 1301 3441 milia

177 3499 413 3565 drachmarum.
438 3501 625 3586 Legionarii
648 3501 749 3585 igitur
773 3507 843 3587 post
866 3501 1054 3586 Augustum
1079 3504 1166 3567 3000
1190 3504 1300 3569 drach-

178 3649 316 3712 marum,
341 3629 363 3692 i.
376 3649 404 3693 e.
429 3628 548 3710 12,000
572 3627 790 3692 sestertiorum
813 3627 1023 3714 accipiebant.

224 3755 276 3820 Ex
308 3776 371 3842 quo
394 3749 588 3820 hoc'saltem
611 3759 696 3819 certo
718 3754 837 3819 certius
859 3753 1095 3820 demonstratur
1118 3754 1300 3843 Caligulam

178 3881 359 3968 praemium
383 3881 466 3946 illud
490 3881 629 3947 recidere
651 3902 714 3946 non
738 3881 879 3967 potuisse
902 3881 942 3946 ad
965 3888 1117 3948 sexcenta
1139 3883 1239 3948 milia.

226 4006 360 4072 Accedit
382 4007 476 4093 quod,
501 4008 629 4072 etiamsi
651 4006 715 4071 Dio
739 4004 870 4071 Cassius
888 4007 972 4070 nihil
991 4007 1030 4072 de
1050 4008 1201 4094 praemiis
1215 4015 1301 4074 vete-

178 4152 332 4196 ranorum
372 4131 564 4214 tradidisset,
607 4152 732 4196 summa
775 4137 877 4197 tamen
913 4138 1137 4198 sexcentorum
1173 4133 1301 4198 milium

179 4257 285 4342 major
307 4262 391 4322 esset
413 4278 509 4344 quam
533 4278 616 4343 quae
638 4255 802 4322 credibilis
821 4257 994 4322 rideretur.
1015 4255 1137 4323 Census
1157 4266 1304 4346 equester

179 4384 270 4450 enim
302 4389 370 4448 erat
401 4384 544 4465 400‚000
572 4383 801 4448 sestertiorum.
827 4383 907 4460 Quis
930 4391 1038 4449 autern
1063 4384 1170 4451 credat
1192 4407 1302 4452 onmes

179 4516 348 4574 veteranos
372 4509 550 4595 promiscue
573 4509 613 4572 ad
636 4508 779 4574 ordinem
804 4515 983 4595 equestrem
1003 4510 1303 4597 fuisseprorectos?
