3370 5450
912 632 953 692 38

371 837 529 904 socundus
563 845 595 904 et
629 838 813 905 Medieaeus
845 841 958 906 tertius
982 841 1059 906 dant
1085 845 1263 923 „reatum'’.
1287 843 1326 907 In
1350 847 1495 931 margine

371 962 629 1030 Vindobonensis
652 965 784 1030 seeundi
806 965 1003 1053 adscriptum
1027 974 1076 1033 est
1102 969 1273 1051 „iratum’'.

415 1087 498 1154 Cum
517 1075 518 1078 ¹
534 1111 609 1175 orgo
643 1091 714 1156 voci
752 1092 899 1172 „ratum”
933 1093 990 1156 vix
1022 1113 1059 1157 ae
1082 1114 1122 1158 ne
1147 1094 1204 1158 vix
1228 1093 1359 1180 quidem
1383 1117 1495 1161 sensus

371 1216 505 1282 idoneus
537 1216 723 1302 extorqueri
757 1218 857 1303 possit
886 1217 1089 1283 scribendum
1123 1226 1200 1305 puto
1223 1220 1307 1305 quod
1331 1221 1496 1285 lenissima

372 1343 548 1407 mutatione
571 1342 734 1427 eleganter
756 1343 889 1430 Lipsius
912 1344 1077 1431 proposuit
1102 1345 1272 1427 „iratnm’'.

551 1630 593 1695 D.
632 1630 784 1696 Claudius
818 1630 852 1696 0.
878 1632 906 1698 1.
938 1632 1105 1717 Troasque
1128 1633 1273 1697 Rbeatam
1297 1634 1399 1717 fossas
1423 1635 1496 1697 novi

594 1762 623 1821 et
655 1758 797 1820 immensi
819 1760 920 1841 operis
943 1759 1053 1842 effecit,
1076 1779 1156 1843 quoe
1179 1781 1262 1823 nuno
1285 1759 1385 1823 adhue
1409 1758 1494 1823 Dru·

593 1884 684 1948 sinae
705 1891 869 1948 vocantur.

417 2116 483 2192 Qui
513 2118 620 2183 animo
644 2125 763 2184 attento
786 2119 866 2184 haee
890 2119 988 2183 verba
1012 2120 1097 2205 leget
1120 2120 1265 2185 haerebit
1288 2122 1323 2186 ni
1345 2120 1437 2185 fallor
1460 2122 1494 2184 in

373 2264 449 2310 vooe
479 2244 605 2326 „novi”.
630 2242 713 2309 Sane
737 2243 901 2326 Romanis,
924 2244 981 2331 qui
1003 2244 1044 2309 ab
1069 2245 1148 2310 urbe
1171 2244 1298 2310 condita
1318 2246 1496 2311 immensae

373 2369 466 2434 molis
490 2368 637 2434 aedifioia
659 2375 911 2454 construxerant,
936 2391 1035 2457 aquas
1055 2371 1090 2435 in
1113 2377 1251 2436 nostram
1277 2377 1413 2437 aetatem
1437 2370 1495 2435 du-

372 2504 496 2562 raturas
537 2495 571 2559 in
607 2495 718 2560 urbem
753 2495 958 2580 induxerant,
994 2517 1056 2561 non
1091 2518 1211 2562 novum
1248 2505 1315 2561 erat
1350 2497 1494 2561 Drusum

373 2622 471 2688 fossas
495 2622 646 2688 immensi
668 2623 772 2708 operis
796 2620 952 2687 effodisse.
976 2623 1094 2688 Fossae
1112 2629 1231 2705 autem,
1252 2623 1291 2688 de
1310 2623 1429 2708 quibus
1442 2622 1495 2686 hio

372 2772 475 2817 sermo
511 2755 568 2832 est,
600 2748 857 2814 demonstrantur
887 2746 1005 2812 Isalam
1028 2755 1060 2812 et
1083 2748 1234 2814 Rhenum
1260 2749 1343 2812 inter
1366 2769 1399 2812 se
1421 2769 1494 2812 oon-

368 2876 537 2963 junxisse3
573 2873 703 2940 eaedem
739 2873 839 2959 igitur
874 2874 1004 2939 fuerunt
1036 2895 1118 2960 quae
1153 2875 1251 2939 etiam
1282 2895 1366 2939 nuno
1390 2875 1495 2961 patrio

372 3024 517 3068 sermone
552 3001 636 3067 fossa
670 3001 812 3064 Drusina
847 3007 986 3065 vooatur.
1019 2998 1108 3064 Num
1144 2999 1183 3065 de
1207 3001 1248 3064 iis
1271 3021 1391 3066 novum
1415 3001 1493 3087 quid

372 3135 404 3195 et
427 3130 589 3214 singulare
613 3126 777 3192 innotuit?
801 3124 905 3191 Immo
928 3125 961 3190 id
984 3146 1086 3211 genus
1108 3147 1202 3211 opera
1221 3126 1360 3191 Romani
1373 3127 1495 3213 ubique

371 3262 529 3321 terrarum
553 3254 762 3342 perfoderunt.
786 3252 901 3318 Fossas
925 3253 1082 3318 Drusinae
1107 3253 1158 3318 vel
1178 3254 1217 3318 ob
1237 3253 1493 3338 magnitudinem

373 3382 424 3448 vel
448 3380 487 3445 ob
510 3387 611 3445 artem
635 3379 783 3444 mirabile
807 3377 885 3464 quid
909 3378 1009 3443 fuisse
1031 3400 1189 3466 nusquam
1215 3379 1368 3444 traditum
1392 3386 1448 3445 est.

418 3505 552 3572 Aoeedit
582 3503 667 3591 quod
696 3504 819 3570 eodioes
850 3525 912 3569 non
936 3505 1064 3570 omnino
1088 3506 1300 3570 eonsentiunt.
1326 3505 1493 3572 Memmia·

374 3656 434 3699 nus
457 3632 554 3698 habet
580 3632 674 3713 „navi
776 3631 913 3718 oporis”,
938 3631 976 3696 de
1000 3652 1064 3717 qna
1087 3632 1246 3697 locutione
1266 3633 1379 3698 merito
1400 3633 1494 3697 dubi-

373 3764 441 3823 tant
473 3759 556 3823 sitne
590 3756 715 3822 Latina.
752 3755 839 3820 Navi
873 3756 959 3820 enim
995 3755 1146 3821 dieantur
1167 3779 1236 3822 esse
1259 3758 1407 3844 operarii,
1431 3779 1495 3824 non

374 3906 448 3950 vero
471 3905 551 3970 opus
575 3882 659 3970 quod
683 3888 907 3969 exsequuntur
930 3903 1049 3948 navum
1075 3889 1213 3948 vocatur.
1238 3881 1304 3948 cfr.
1325 3907 1355 3949 v.
1368 3905 1399 3970 g.
1414 3883 1494 3950 Hor.

373 4009 433 4097 Ep.
472 4011 640 4074 1:6:202
672 4009 784 4074 Novus
807 4030 900 4075 mane
924 4010 1028 4074 forum
1054 4017 1086 4075 et
1108 4012 1310 4097 vespertinus
1335 4017 1407 4097 pete
1430 4019 1494 4077 teo·

373 4144 453 4221 tum,
485 4137 545 4224 up.
580 4138 771 4202 1:18:90:
805 4136 957 4203 Sedatum
992 4139 1120 4220 celeres,
1156 4139 1272 4224 agilem
1310 4159 1494 4224 navumque

375 4264 502 4330 remissi
527 4302 567 4313 -
593 4285 635 4328 so.
659 4264 794 4328 oderunt
818 4302 870 4347 —,
895 4269 928 4328 et
950 4263 1029 4327 alibi
1052 4263 1193 4344 „navus”
1218 4263 1364 4328 ooeurrit.

419 4388 602 4454 Medioaeus
636 4390 760 4474 primus
795 4393 827 4451 et
860 4388 974 4452 tertius
1009 4396 1040 4453 et
1074 4371 1212 4454 Vindob.
1245 4391 1369 4476 primus
1401 4391 1494 4456 dant:
