3370 5450
719 724 756 786 17

173 942 341 1006 adnotant:
377 937 525 1025 „Species
554 944 586 1001 et
609 957 722 1022 eorpus
746 934 809 999 sibi
834 939 1047 1020 opponuntur.
1073 930 1202 1018 Species
1226 950 1299 995 eon-

176 1070 280 1133 stabat
314 1065 458 1131 externis
493 1059 668 1149 maJestatis
700 1062 892 1147 insignibus,
917 1062 1022 1126 titulis
1049 1067 1081 1126 et
1105 1059 1300 1124 ornamentis

176 1194 433 1279 magistratuum.
458 1188 581 1276 Corpus
606 1188 803 1275 reipublicae
826 1194 859 1253 et
882 1188 932 1252 vis
945 1187 1076 1273 imperii
1089 1206 1185 1272 penes
1197 1206 1300 1250 unum

176 1321 345 1386 Gaesarem
380 1319 479 1384 erat.”
514 1316 611 1381 Dixit
644 1336 719 1400 ergo
754 1312 889 1378 ansar:
925 1311 1121 1398 Respublica
1155 1310 1301 1376 Romana

177 1454 225 1512 est
248 1445 420 1534 appellatio
444 1451 569 1509 tantum
592 1442 662 1507 sine
686 1462 814 1528 eorpore
838 1461 875 1504 ae
898 1440 1015 1526 speeie,
1039 1439 1061 1503 i.
1075 1461 1103 1504 e.
1127 1439 1250 1502 sinere
1271 1444 1302 1503 et

163 1573 246 1655 sine
269 1578 403 1636 externo
426 1575 592 1656 apparatu.

222 1697 315 1772 Quod
338 1698 366 1762 si
389 1717 501 1763 revera
522 1696 661 1759 dixisset
673 1693 812 1780 profesto
826 1692 1028 1758 mendacium
1043 1692 1141 1755 nimis
1153 1696 1300 1778 apertum

179 1826 317 1890 lusisset.
350 1821 460 1896 Quid?
491 1821 579 1886 Num
604 1828 747 1907 tempere
772 1818 917 1884 Caesaris
941 1819 1026 1884 nihil
1048 1841 1090 1884 ex
1114 1826 1199 1883 statu
1223 1818 1302 1883 libe·

180 1971 233 2015 rae
269 1949 464 2036 reipublicae
494 1948 681 2035 supererat?
705 1945 810 2009 Immo
833 1952 967 2010 externa
990 1947 1110 2031 figura:
1136 1947 1301 2032 magistra·

181 2083 242 2156 tus,
266 2081 404 2155 senatus,
428 2073 559 2138 comitia
583 2080 772 2154 manserant,
796 2094 868 2137 eum
894 2094 943 2136 res
967 2073 1036 2158 ipsa
1059 2072 1195 2137 abesset.

224 2200 287 2266 Vel
317 2201 584 2286 interpretantur:
610 2199 791 2284 respubliea
813 2200 989 2284 generatim
1015 2200 1036 2262 i.
1050 2221 1075 2264 e.
1102 2206 1203 2264 status
1223 2200 1302 2265 libe-

182 2347 234 2391 rae
258 2326 454 2412 reipublicae
478 2331 526 2390 est
548 2332 671 2388 tanturn
698 2345 823 2404 nomen,
848 2344 910 2387 non
934 2345 994 2406 res,
1019 2331 1051 2389 et
1072 2333 1159 2390 earet
1170 2334 1303 2392 externa

181 2453 294 2538 figura.
327 2452 373 2515 At
396 2453 423 2516 si
446 2457 547 2516 status
571 2451 691 2515 liberae
714 2450 911 2537 reipublicae
935 2472 993 2516 nee
1015 2473 1150 2537 usquam
1175 2454 1304 2517 exsistit

182 2600 285 2664 neque
308 2581 378 2664 ejus
401 2579 518 2663 image,
543 2576 621 2663 quid
646 2574 763 2640 ansar
786 2571 885 2640 de'ee
908 2576 1115 2664 loqueretur?

226 2703 265 2767 In
300 2703 406 2768 verbis
445 2710 496 2784 „et
528 2702 654 2788 speeie’'
691 2701 787 2766 lateat
821 2723 949 2796 neeesse
979 2711 1028 2767 est
1049 2703 1173 2790 aliquid
1197 2707 1303 2770 simile
1382 2679 1383 2682 Ἴ

181 2833 221 2911 τῷ
248 2832 336 2913 „sine
359 2829 518 2915 corpore.’'
544 2828 652 2896 Verbo
679 2829 824 2914 „speeie”
848 2837 956 2893 autem
975 2831 1100 2915 aliquid
1120 2833 1303 2918 oppositum
1329 2901 1330 2904 ,

181 2957 354 3022 inducitur.
378 2955 417 3019 Id
441 2962 549 3021 autem
572 2954 657 3041 quod
680 2956 856 3042 requiritur
879 2977 921 3021 ex
943 2957 1048 3022 verbis
1069 2958 1195 3024 traditis
1215 2959 1304 3023 fanil-

182 3085 259 3148 lime
294 3057 444 3148 restituas
474 3083 502 3146 si
533 3083 619 3168 leges
642 3104 704 3147 non
733 3083 877 3169 „speeie”
903 3083 958 3149 sed
985 3086 1174 3170 „speeiem”
1198 3087 1303 3150 Faail-

182 3212 260 3275 lime
294 3209 446 3300 mendum
480 3208 563 3274 illud
597 3210 631 3272 in
661 3216 788 3274 textum
812 3210 952 3294 irrepere
976 3212 1117 3297 potuisse
1140 3234 1177 3277 eo
1202 3215 1305 3298 magis

182 3337 395 3422 intelligimus
426 3335 510 3421 quod
538 3336 572 3398 in
595 3334 662 3400 eod.
687 3333 826 3399 Vindob.
852 3336 938 3400 etin
964 3334 1049 3401 (lert.
1073 3337 1227 3403 habetur:
1255 3348 1305 3420 „et

183 3465 271 3550 spe.’'
314 3462 367 3527 Ex
409 3482 473 3548 qua
516 3483 672 3527 mssorum
717 3462 851 3527 leatiene
885 3484 983 3549 prave
1017 3464 1179 3530 intellecta
1213 3466 1305 3531 faaile

186 3589 332 3676 „speeie”
356 3610 412 3674 pro
440 3589 619 3674 „speeiem”
644 3587 721 3652 oriri
745 3589 859 3673 potuit.

362 3861 404 3926 D.
439 3862 615 3944 Augustas.
654 3859 681 3925 0
713 3864 743 3923 2.
779 3861 831 3924 Εα
852 3882 929 3945 pens
953 3884 974 3924 a
996 3862 1173 3947 Tarquinio
1198 3863 1307 3928 Praco

405 4009 475 4070 repe
514 3989 598 4051 inter
631 3988 763 4052 minares
795 3989 895 4069 gentis
929 3988 1049 4053 adtacta
1083 3991 1117 4052 ia
1151 3997 1306 4073 sertatum,

407 4137 478 4180 moa
500 4139 521 4180 a
540 4115 646 4180 Seruio
669 4115 773 4180 Tullio
796 4117 830 4179 ia
848 4117 1004 4200 patricias
1025 4117 1180 4180 traducta.

227 4352 279 4417 Ita
313 4361 482 4418 exaratum
516 4359 564 4417 est
598 4353 631 4416 in
667 4327 774 4417 eodiee
809 4349 985 4439 Oopesiano
1020 4361 1052 4419 et
1086 4353 1225 4420 Vindob.
1263 4359 1306 4419 10.

187 4479 315 4554 Quibus
351 4482 457 4546 verbis
492 4482 541 4546 bis
577 4481 664 4546 idem
686 4481 849 4546 enuntiari
867 4484 937 4567 jam
960 4481 1017 4547 diu
1040 4482 1158 4548 abhine
1179 4483 1308 4548 adnota-

1191 4595 1209 4647 2
