3370 5450
739 688 779 748 39

200 923 315 986 magna
340 902 372 966 vi
394 907 427 965 et
450 900 600 964 immensi
623 899 737 986 operis.
762 896 854 972 Quod
875 897 1005 984 quidem
1027 897 1108 961 mihi
1128 919 1170 962 ex
1183 897 1224 960 iis
1236 918 1319 983 quae

198 1029 358 1114 proposita
388 1034 463 1091 sunt
486 1025 629 1089 maxime
653 1025 815 1111 probatur,
840 1025 1001 1111 imprimis
1023 1023 1108 1109 quod
1131 1023 1209 1087 haec
1227 1024 1318 1108 junc-

197 1159 269 1216 tura
299 1152 469 1218 verborum
504 1171 639 1236 „magna
671 1149 725 1212 vi”
749 1148 834 1236 apud
859 1147 1048 1213 Suetonium
1073 1154 1104 1213 et
1128 1149 1227 1213 altero
1250 1148 1318 1212 loco

197 1283 349 1342 occurrat.
381 1274 447 1340 Ofr.
479 1276 565 1361 Aug.
600 1276 658 1339 52:
695 1275 914 1356 „Dictaturam
948 1295 1064 1361 magna
1096 1276 1130 1339 vi
1156 1275 1319 1340 obferente

197 1404 313 1491 populo
337 1403 523 1490 deprecatus
547 1403 625 1466 est.”
648 1402 827 1486 Fingamus
849 1408 957 1467 autem
982 1401 1015 1465 id
1039 1402 1138 1466 fuisse
1162 1403 1316 1489 scriptum

195 1551 231 1594 ac
265 1529 462 1614 negligentia
496 1529 622 1593 librarii
655 1528 812 1615 syllabam
850 1529 942 1610 „ma”
973 1528 1133 1592 omissam.
1164 1527 1319 1594 Restabat
1371 1514 1372 1517 ¹

200 1656 326 1738 „navi''‚
360 1655 445 1742 qnod
480 1656 513 1718 in
550 1655 656 1720 codice
681 1654 811 1720 Memm.
836 1661 884 1720 est
906 1661 1080 1720 servatum.
1104 1653 1238 1720 Insolita
1260 1656 1317 1719 illa

196 1804 258 1846 vox
293 1783 334 1845 iis
368 1783 426 1868 qui
461 1782 698 1868 descripserunt
733 1788 781 1847 est
814 1782 892 1864 visa,
929 1803 1027 1868 quare
1062 1782 1248 1847 mutabatur
1282 1784 1314 1846 in

198 1907 325 1988 „novi”.

376 2193 409 2259 G.
435 2197 465 2255 2.
490 2192 558 2256 Diu
581 2198 674 2277 atquc
696 2195 787 2256 etium
810 2201 879 2278 post
902 2196 1029 2259 tutelam
1049 2203 1201 2276 ceccanum
1220 2197 1317 2260 alicui

367 2287 368 2292 ἵ
414 2319 541 2382 arbitrii
561 2324 591 2382 et
613 2320 669 2383 sub
687 2321 866 2402 paedagogo
889 2321 962 2404 fuit.

237 2553 310 2618 Non
334 2553 491 2619 minorem
516 2575 612 2640 qnam
637 2575 734 2641 supra
757 2555 946 2642 interpretes
970 2557 1190 2622 difficultatem
1216 2579 1313 2643 expe·
1437 2598 1439 2603 .

192 2681 319 2745 riuntur
342 2680 375 2742 in
399 2679 605 2743 defendendis
628 2680 734 2744 verbis
757 2686 847 2765 „pest
865 2681 1000 2745 tutelam
1021 2683 1211 2768 receptam'.
1236 2682 1314 2748 Per-

190 2807 338 2893 spicuum
362 2806 447 2870 enim
471 2811 519 2870 cst
541 2805 717 2891 significari
742 2813 811 2892 post
834 2807 966 2871 tutelam
988 2807 1123 2891 finitam,
1145 2816 1313 2896 postquam

190 2933 290 2997 tutela
313 2953 347 2997 se
370 2933 501 2997 exemit.
527 2931 620 3005 Quod
643 2951 707 3018 qua
731 2932 852 2996 ratione
876 2954 918 2998 ex
939 2933 1047 2998 verbis
1059 2934 1185 2999 traditis
1198 2935 1313 3002 deduci

190 3059 289 3145 possit
319 3048 385 3124 non¹
404 3058 506 3123 video.
532 3057 647 3122 Exstat
670 3057 799 3144 quidem
825 3059 998 3144 explicatio
1023 3059 1183 3125 Torrentii
1208 3062 1312 3127 confe-

191 3186 288 3249 rentis
315 3192 404 3270 „pest
427 3185 560 3248 tutelam
586 3185 768 3270 receptam'’
793 3205 866 3248 cum
887 3184 1025 3249 formula
1037 3184 1240 3252 IOsultorum
1251 3189 1311 3270 ·„in

189 3331 279 3373 suam
304 3310 436 3374 tutelam
462 3309 604 3374 venirc”.
630 3308 700 3382 Quo
720 3315 847 3374 auctore
871 3312 1023 3391 „tutelam
1037 3313 1199 3398 recipere”
1213 3313 1312 3398 signi·

188 3436 261 3501 ficat
297 3437 420 3517 „aliena
451 3434 553 3499 tutela
574 3434 745 3498 liberatum
772 3436 904 3499 tutelam
928 3437 980 3499 sui
1005 3437 1110 3523 ipsum
1136 3439 1310 3524 recipere”.

190 3560 280 3634 Quod
305 3560 390 3625 idem
414 3561 510 3625 etiam
536 3559 753 3624 Ruhnkenius
775 3560 918 3625 defendit
940 3561 1110 3626 adnotans:
1136 3570 1206 3650 post
1229 3571 1311 3630 tute·

187 3689 250 3752 lam
286 3695 444 3775 receptam
472 3721 509 3742 z
535 3695 605 3776 post
637 3690 770 3754 tutelam
806 3691 857 3753 sui
892 3696 1061 3775 receptam.
1094 3689 1250 3773 Profecto,
1284 3692 1312 3756 si

187 3816 342 3902 scriptum
375 3821 459 3880 esset
485 3822 574 3901 „post
597 3816 729 3881 tutelam
755 3818 806 3880 sui
829 3817 1011 3902 receptam'’
1035 3838 1128 3881 neme
1152 3817 1191 3881 de
1215 3838 1310 3882 sensu

186 3941 356 4006 verborum
392 3940 570 4023 dubitaret3
606 3942 690 4028 qnod
724 3949 831 4007 autem
868 3943 900 4005 in
933 3943 1026 4007 mssis
1059 3949 1107 4007 est
1129 3949 1309 4007 servatum:

190 4073 279 4153 „post
321 4067 454 4132 tutelam
499 4068 679 4153 receptam’'
717 4067 843 4132 videtur
877 4067 959 4131 mihi
994 4067 1148 4132 inusitata
1182 4090 1309 4155 prorsus

185 4193 313 4275 locutio,
350 4213 431 4278 quae
466 4213 570 4278 neque
604 4193 677 4256 aliis
712 4194 789 4258 locis
821 4194 1001 4258 illustratur
1031 4215 1136 4280 neque
1159 4195 1308 4281 exemplo

186 4321 283 4385 allato
309 4321 362 4402 „in
386 4342 477 4385 suam
502 4323 635 4386 tutelam
659 4322 791 4386 venire'’
815 4323 892 4386 satis
913 4321 1104 4386 defenditur.

232 4445 391 4512 Correctio
425 4454 515 4534 „post
545 4449 678 4513 tutelam
710 4449 867 4532 finitam’',
898 4451 954 4535 qui
985 4470 1095 4513 sensus
1119 4449 1189 4513 sine
1211 4449 1310 4514 dubio
