3370 5450
827 687 949 749 ·60

410 899 460 963 Ob
480 919 576 985 quam
599 899 820 962 auctoritatem
843 919 860 961 e
883 896 1076 961 nostratibus
1096 895 1341 981 Oudendorpius
1362 892 1488 959 etBur-

365 1047 502 1090 mannus
529 1027 598 1111 jam
629 1024 810 1090 ediderant:
833 1022 865 1087 N
868 1044 907 1087 on
932 1022 1093 1089 dubitavit
1194 1022 1279 1105 dare,
1304 1043 1401 1108 quarn
1425 1022 1488 1086 lec·

364 1153 484 1217 tionem
516 1152 614 1215 miror
637 1172 693 1214 our
715 1149 854 1214 Rothius
878 1149 1033 1234 rejecerit.
1059 1145 1142 1211 Oum
1167 1149 1252 1213 eninr
1279 1147 1400 1212 codices
1425 1168 1487 1212 non

364 1278 449 1342 inter
471 1299 505 1343 se
527 1277 734 1358 consentiant,
760 1275 822 1340 Dio
847 1274 978 1339 Cassius
1000 1280 1107 1339 autem
1133 1273 1301 1339 manifesto
1324 1293 1344 1336 a
1366 1271 1488 1336 Salma-

363 1403 452 1467 siano
476 1401 642 1488 discrepet,
667 1407 787 1466 temere
810 1400 923 1466 facisse
946 1399 1075 1464 videtur
1095 1401 1153 1486 qui
1174 1398 1288 1464 Dionis
1299 1398 1489 1463 auctoritate

365 1533 471 1613 spreta
494 1526 594 1590 codici
619 1525 816 1591 Salmasiano
841 1529 1011 1613 praecipue
1034 1525 1130 1590 fidem
1154 1524 1279 1590 habeat.

410 1653 517 1718 Minor
551 1659 598 1719 est
632 1652 846 1739 discrepantia
869 1650 954 1738 quod
977 1652 1099 1717 codices
1124 1652 1258 1738 partim:
1287 1671 1368 1731 „non
1394 1649 1487 1713 dubi·

369 1782 450 1845 tavit
473 1782 602 1864 etiam’'‚
615 1781 732 1868 partim
750 1800 825 1861 „neo
837 1778 999 1842 dubitavit
1011 1778 1129 1842 ctiam''
1143 1777 1290 1842 habeant.
1304 1775 1489 1862 Utrumque

370 1907 455 1970 enirn
480 1907 660 1993 promiscue
684 1904 770 1992 apud
793 1905 961 1990 scriptores
986 1902 1117 1967 Latinos
1141 1903 1309 1989 reperitur.

546 2155 579 2221 0.
606 2155 658 2220 25.
683 2156 879 2238 iapcstoeqac
902 2173 974 2216 avos
996 2173 1032 2215 oc
1055 2151 1193 2215 lemnisci
1216 2156 1245 2214 ct
1266 2149 1408 2214 bellaria.

410 2368 535 2432 Avium
570 2367 692 2431 mentio
727 2364 786 2430 hoo
809 2364 876 2429 loco
899 2363 1008 2450 inepta
1032 2369 1089 2428 est.
1113 2361 1225 2436 Quid?
1248 2361 1388 2426 Erantno
1412 2361 1489 2426 illae

365 2463 441 2557 aves
465 2513 548 2578 quae
571 2491 805 2579 spargebantur
827 2490 921 2555 vivae
945 2509 984 2551 an
1010 2489 1177 2553 mortuae?

410 2617 673 2704 Interpretatores
700 2603 747 2679 ¹ad
782 2608 883 2678 ninum
918 2635 1027 2678 omnes
1062 2633 1171 2678 vocem
1206 2613 1294 2676 illcm
1326 2613 1489 2698 rejiciunt,

365 2765 428 2808 non
451 2750 557 2808 tamen
581 2741 660 2829 quid
684 2740 855 2827 legendum
879 2741 922 2804 sit
945 2761 1001 2826 pro
1025 2746 1110 2814 certo
1133 2738 1423 2824 statuuntFlores
1436 2739 1490 2804 vel

366 2871 429 2935 tale
463 2869 541 2956 quid
578 2869 742 2934 meliorem
774 2867 912 2954 profecto
935 2888 1064 2933 sensum
1088 2867 1229 2954 praebet.
1253 2866 1358 2932 Nemo
1380 2873 1488 2931 tamen

365 2996 528 3083 explicare
560 2997 666 3083 potuit
689 2993 845 3080 quomodo
874 2995 1007 3076 „flores”
1026 2995 1060 3057 in
1088 2995 1203 3075 „aves”
1227 3001 1411 3082 corruptum
1435 2995 1489 3059 sit.

366 3122 536 3188 Praeterea
559 3122 662 3187 obstat
685 3120 761 3185 huic
784 3121 983 3186 coniecturae
1006 3123 1143 3206 inpactae
1166 3120 1200 3182 in
1225 3120 1389 3186 feminino.

545 3358 577 3424 0.
613 3358 665 3422 25.
700 3358 815 3424 Sacros
847 3376 975 3422 coronas
1009 3359 1045 3421 ia
1074 3357 1220 3422 cubiculis
1251 3357 1365 3420 circam
1397 3356 1490 3421 lectos

580 3487 709 3569 posuit.
725 3534 755 3550 ..

410 3681 499 3748 Haec
523 3682 620 3747 verba
639 3684 714 3770 jure
736 3683 950 3769 suspicionem
975 3688 1113 3747 movent.
1134 3681 1245 3763 Quid?
1258 3681 1345 3747 Nero
1357 3703 1488 3747 coronas

365 3809 397 3872 in
434 3809 581 3874 cubiculo
615 3809 745 3895 posuit?
778 3809 968 3874 Timebatne
991 3829 1031 3872 ne
1054 3809 1336 3894 conspicerentur?
1360 3807 1423 3874 Vel
1447 3810 1487 3892 si,

364 3935 448 4021 quod
480 3935 626 4000 nonnulii
649 3935 851 4020 contendunt,
876 3954 988 4000 earum
1012 3940 1142 4021 aspectu
1167 3936 1318 4000 oblectari
1342 3935 1488 4021 quotidie

364 4055 513 4147 cupiebat
547 4062 632 4146 finge
668 4061 728 4126 tibi
761 4061 868 4124 animo
903 4061 999 4146 quale
1033 4060 1092 4125 hoc
1127 4061 1342 4147 spectaculum
1377 4061 1487 4142 fuerit,

364 4188 547 4252 innumeras
579 4187 649 4251 illas
680 4206 808 4251 coronas
844 4225 882 4234 -
912 4185 974 4250 Dio
997 4184 1035 4249 L.
1062 4188 1103 4249 63
1127 4208 1153 4250 o.
1180 4187 1218 4248 21
1246 4208 1299 4251 eas
1322 4185 1412 4250 mille
1436 4207 1487 4250 oc·

363 4314 522 4398 tingentes
546 4318 614 4376 octo
638 4311 737 4375 fuisse
761 4316 867 4374 narrat
891 4349 930 4357 —
959 4312 991 4372 in
1011 4310 1169 4375 cubiculis
1189 4316 1386 4375 coacervatas
1399 4331 1489 4394 essc3

363 4457 441 4501 num
465 4437 595 4501 stultius
618 4435 697 4522 quid
720 4435 854 4520 cogitari
877 4436 1002 4521 potest?
