3370 5450
939 683 959 746 2

383 897 500 963 clarius
536 895 715 962 litterarum
747 896 868 981 gloriae
899 896 1143 960 inconstantiam
1168 895 1342 961 ostendent.
1367 892 1505 970 Quotus·

385 1025 523 1111 quisque
557 1025 643 1089 enim
679 1030 726 1088 ost
763 1063 803 1071 -
840 1023 899 1086 vix
924 1044 1007 1086 unus
1030 1023 1082 1087 vel
1105 1022 1185 1086 alter
1209 1020 1249 1086 ob
1271 1021 1377 1086 oculos
1400 1042 1505 1086 versa-

386 1157 440 1214 tur
475 1190 515 1198 -
550 1151 606 1235 qui
642 1171 713 1214 curn
750 1149 891 1234 primum
927 1149 960 1211 in
996 1149 1100 1212 lucem
1124 1149 1229 1213 editus
1253 1155 1310 1230 est,
1334 1148 1442 1211 statim
1466 1147 1506 1210 ab

386 1277 575 1362 aequalibus
609 1297 682 1340 cunr
717 1274 834 1361 gaudio
868 1281 900 1339 et
934 1273 1028 1338 laude
1063 1281 1226 1360 exceptus,
1251 1281 1359 1360 postea
1382 1296 1508 1360 semper

386 1402 522 1468 eundern
554 1402 682 1467 honoris
706 1401 841 1486 gradum
866 1402 1030 1466 tenuerit?
1055 1400 1169 1465 Plures
1193 1409 1301 1465 contra
1325 1403 1377 1466 vel
1399 1422 1507 1464 omnes

390 1530 481 1595 modo
513 1531 654 1595 studiose
678 1529 882 1616 pervolutati,
906 1529 1057 1615 descripti
1080 1535 1112 1592 et
1129 1530 1315 1615 junioribus
1338 1537 1376 1592 ut
1398 1551 1508 1593 exem-

388 1658 457 1744 plar
490 1658 645 1744 propositi
680 1662 765 1738 sunt,
788 1656 834 1719 ita
858 1662 894 1718 ut
917 1676 1043 1719 summo
1068 1656 1101 1718 in
1126 1655 1254 1740 fastigio
1277 1661 1391 1735 essent,
1416 1654 1508 1718 modo

387 1783 430 1846 ob
462 1781 603 1847 defectus
637 1781 805 1845 nonnullos
828 1781 971 1865 graviter
1001 1780 1157 1865 increpati
1188 1787 1220 1843 et
1242 1780 1360 1845 honore
1381 1779 1506 1866 dejecti,

386 1908 519 1993 pulvere
554 1907 698 1972 obvoluti
729 1909 762 1971 in
794 1907 989 1972 bibliothece
1010 1905 1176 1991 eujusdam
1202 1905 1333 1970 latebris
1356 1906 1505 1970 latebant.

388 2033 478 2108 Quae
502 2034 712 2099 inconstantia
724 2054 841 2119 magna
852 2055 894 2098 ex
907 2040 996 2120 parte
1008 2033 1149 2119 profecto
1161 2039 1341 2119 temporum
1354 2035 1509 2098 varietate

387 2160 579 2246 explicatur,
614 2181 687 2224 cum
722 2159 894 2240 interdum,
919 2160 958 2223 ob
981 2166 1086 2223 motus
1110 2159 1221 2224 civiles
1244 2166 1277 2224 et
1300 2159 1504 2225 barbarorum

386 2285 645 2366 dominationem,
669 2285 850 2349 litterarum
874 2285 980 2349 studia
1002 2293 1242 2366 marcescerent,
1262 2285 1434 2366 interdurn,
1448 2286 1507 2349 hu·

387 2414 549 2477 manitatis
584 2412 716 2476 laetiore
746 2412 817 2476 lucc
841 2412 994 2497 fulgente,
1018 2412 1207 2499 disciplinae
1231 2419 1262 2477 et
1285 2420 1368 2477 artes
1388 2413 1506 2498 passim

387 2541 526 2604 ubertim
550 2543 769 2603 excrescerent
793 2537 933 2602 Multum
957 2560 1084 2625 quoque
1107 2538 1314 2603 tribuendum
1339 2546 1387 2603 est
1405 2538 1506 2603 homi·

388 2687 465 2730 num
502 2665 674 2751 multiplici
711 2672 743 2730 et
778 2666 885 2729 variae
915 2675 1057 2748 naturae,
1082 2686 1164 2752 quae
1189 2666 1331 2751 proelio
1355 2671 1507 2750 tempore,

387 2792 482 2872 onelo,
508 2791 716 2855 humanitatis
739 2790 840 2875 gradu
864 2791 943 2854 alios
966 2792 1067 2876 poscit
1078 2791 1258 2877 scriptores,
1272 2790 1368 2854 aliam
1382 2791 1509 2876 quaerit

388 2918 473 2980 viann
508 2917 638 2981 intimos
672 2939 745 2981 suos
780 2917 881 2980 animi
911 2937 1023 2981 sensus
1053 2917 1268 3002 exprimendi.
1301 2914 1428 2989 Quibus
1452 2935 1507 2979 nos

386 3067 442 3109 nos
477 3043 603 3108 casibus
626 3042 814 3108 subtrahere
836 3043 900 3107 fato
923 3041 1060 3128 quodam
1084 3041 1310 3128 prohibemur3
1334 3062 1396 3105 non
1420 3041 1507 3105 enim

388 3172 422 3235 vi
456 3171 525 3256 regi
548 3191 581 3234 se
604 3170 782 3255 patiuntur,
805 3168 890 3254 quod
913 3167 1063 3233 docemur
1087 3167 1272 3253 proverbio:
1297 3167 1336 3230 de
1359 3167 1508 3251 gustibus

387 3315 450 3360 non
473 3302 522 3360 est
543 3294 782 3380 disputandum.

432 3419 515 3485 Oum
547 3428 653 3484 autem
686 3419 838 3484 Suetonio
869 3419 1058 3504 Tranquillo
1089 3437 1217 3504 operam
1241 3417 1349 3480 darem
1374 3417 1508 3502 ejusque
1553 3499 1556 3508 Ι
1672 3477 1673 3510 ,

389 3546 493 3611 famae
529 3545 772 3610 inconstantiam
804 3565 861 3630 per
887 3543 1014 3628 longam
1039 3543 1238 3608 saeculorum
1261 3542 1377 3605 seriem
1402 3539 1508 3603 obser·

389 3694 496 3738 varem
521 3673 648 3758 saepius
672 3672 729 3734 illa
751 3670 910 3755 cogitatio,
935 3689 1031 3755 quam
1056 3668 1095 3732 de
1119 3669 1191 3732 aliis
1210 3674 1303 3731 antea
1322 3665 1507 3748 habueram,

387 3799 421 3862 in
445 3799 632 3863 memoriam
657 3797 848 3862 recurrebat.
872 3794 1001 3859 Etenim
1026 3793 1153 3858 fortuna
1176 3795 1247 3880 ejus
1270 3793 1404 3856 decursu
1429 3798 1508 3855 tem·

388 3923 473 4009 poris
497 3921 589 3986 valde
613 3921 703 3986 varia
725 3920 797 3984 fuit.

433 4047 605 4112 Suetonius
635 4069 672 4111 eo
703 4053 846 4132 tempore
877 4066 940 4130 quo
971 4044 1056 4108 vixit
1084 4063 1200 4127 magna
1224 4042 1309 4105 fama
1331 4040 1507 4105 fruebatur.

389 4173 561 4238 Uberrima
596 4175 666 4259 ejus
696 4172 848 4254 doctrina,
872 4192 968 4256 quam
993 4177 1029 4234 ut
1053 4171 1102 4234 vir
1123 4168 1351 4254 grammaticus
1375 4172 1509 4253 puroet

388 4301 526 4385 eleganti
561 4319 706 4364 sermone
739 4297 893 4377 tradebat,
928 4298 1073 4361 omnium
1109 4294 1292 4380 aequalium
1325 4293 1507 4356 admiratio-

390 4449 462 4492 nem
494 4426 605 4490 mnvit.
637 4423 744 4498 Quare
774 4423 882 4486 Plinio
910 4423 1026 4486 minori
1049 4421 1172 4484 amicus
1196 4425 1228 4482 et
1251 4418 1316 4482 fere
1340 4416 1508 4479 familiaris
