3370 5450
767 714 804 774 41

229 926 375 1004 μετεώρως
399 924 554 1009 deligeret
576 923 640 987 sibi
667 924 814 1009 aliquem
839 923 932 1007 cujus
956 928 1078 986 motum
1102 928 1134 986 et
1156 921 1302 986 habitum
1327 928 1359 986 et

231 1052 391 1116 incessum
413 1050 626 1131 imitaretur''‚

278 1175 383 1257 „Qui”
408 1175 502 1238 initio
522 1174 697 1239 sententiae
718 1173 858 1260 positum
879 1171 919 1236 ad
932 1193 1099 1259 personam
1112 1179 1194 1259 quae
1207 1175 1356 1259 proxime

230 1302 388 1390 antecedit
431 1301 558 1367 videtur
594 1301 762 1386 pertinere.
799 1298 906 1374 Quare
940 1299 1110 1385 legendum
1146 1309 1357 1366 censuerunt:

233 1431 289 1515 qui
324 1469 364 1477 -
398 1450 440 1492 sa.
473 1426 636 1514 Sulpicius
660 1433 692 1492 et
716 1415 941 1491 Athenodorus
966 1465 1006 1474 —
1033 1427 1147 1491 vellem
1172 1427 1360 1513 diligentius

232 1562 266 1621 et
288 1557 395 1620 minus
418 1557 566 1636 ωετεωρως
590 1555 755 1636 ‹telipercnt
778 1555 839 1617 sibi
865 1554 1007 1639 aliquem
1032 1560 1090 1619 etc.

277 1683 366 1757 Quae
398 1683 492 1747 lectio
526 1682 625 1746 etiam
660 1681 700 1745 ob
723 1680 821 1744 aliam
846 1700 974 1744 causam
1000 1679 1092 1744 valde
1117 1679 1275 1743 laudanda
1300 1687 1356 1746 est.

232 1808 278 1873 Ut
300 1809 386 1872 enim
409 1807 495 1894 apud
517 1806 674 1871 Rothium
698 1806 819 1891 legitur
845 1805 973 1870 videtur
993 1805 1164 1891 Augustus
1177 1806 1358 1892 improbare

233 1933 319 2021 quod
349 1933 505 1998 Claudius
532 1953 658 2020 semper
681 1931 825 2018 Sulpicio
849 1937 881 1996 et
904 1931 1111 1996 Athenodoro
1137 1936 1255 2014 utatur,
1280 1955 1360 2018 quos

236 2061 358 2126 scilicet
381 2062 450 2147 ipse
470 2060 501 2125 ei
524 2059 693 2144 magistros
716 2058 874 2145 apposuit.

278 2185 368 2261 Quae
393 2208 468 2251 vero
491 2193 670 2272 sequuntur
692 2185 857 2270 aliquanto
877 2183 1020 2269 longiore
1040 2183 1256 2270 disputatione
1276 2184 1360 2249 indi-

234 2318 334 2397 gentr
352 2310 500 2376 Misellus
525 2313 648 2390 ἀτυχεῖ·
670 2329 743 2373 nam
768 2311 797 2373 ἐν
821 2317 883 2378 τοῖς
906 2311 1080 2383 σπουδαίοις,
1105 2311 1163 2376 ubi
1186 2287 1359 2376 norober-

238 2438 322 2502 ravit
349 2439 419 2524 ejus
442 2439 582 2520 animus,
606 2437 683 2500 satis
705 2441 838 2523 apparot
862 2439 878 2512 ἡ
902 2443 956 2509 τῆς
979 2442 1084 2516 ψυχῆς
1109 2438 1197 2501 αὐτοῦ
1221 2437 1358 2515 εὐγένειαι.

281 2563 332 2628 Ita
355 2584 373 2626 a
396 2563 514 2628 Rothio
539 2562 662 2628 editum
688 2571 745 2627 est.
771 2561 890 2626 Sensus
913 2583 1022 2626 eorum
1047 2562 1216 2626 verborum
1241 2568 1289 2626 est
1308 2562 1361 2626 hic

235 2691 288 2754 ni·
305 2689 413 2754 fallor:
450 2688 569 2754 Misero
606 2689 770 2753 Tiberiolo
806 2688 889 2752 male
925 2709 974 2752 res
1007 2689 1199 2774 procedunt3
1229 2709 1303 2752 nam
1328 2690 1362 2754 in
1395 2736 1398 2742 ·

235 2815 331 2880 rebus
361 2815 463 2896 seriis,
496 2814 553 2878 ubi
587 2814 714 2877 animus
741 2815 811 2899 ejus
835 2835 898 2878 non
922 2813 1093 2894 aberravit,
1116 2835 1269 2900 generosa
1292 2816 1363 2901 ejus

237 2941 360 3005 indoles
384 2941 461 3004 satis
486 2947 628 3026 apparet.

205 3135 210 3144 ,
281 3068 432 3153 Augusto
456 3068 557 3152 igitur
577 3066 698 3153 judice,
719 3063 876 3130 Claudius
898 3067 932 3129 in
953 3066 1048 3131 rebus
1060 3067 1198 3153 alicujus
1210 3068 1364 3132 momenti

237 3194 315 3258 satis
350 3194 478 3258 insitam
516 3193 583 3256 vim
616 3192 741 3277 ingenii
765 3191 911 3256 ostendit.
937 3190 1027 3266 Quae
1050 3192 1239 3277 Augustum
1264 3194 1364 3280 scrip-

236 3322 316 3386 sisse
352 3319 559 3385 vehementer
593 3318 715 3383 dubito.
752 3316 888 3405 Saepius
925 3318 1011 3382 enim
1047 3319 1081 3382 in
1112 3319 1250 3406 epistula
1281 3342 1363 3406 quae

237 3447 386 3536 proxime
416 3446 575 3511 antecedit
606 3446 754 3510 timorem
787 3466 883 3509 suum
916 3443 1022 3531 prodit
1052 3465 1092 3509 ne
1116 3443 1272 3511 Claudius
1295 3469 1362 3512 rem

237 3594 320 3660 quae
344 3573 429 3637 vires
452 3570 587 3636 excedat
609 3577 709 3656 gerat.

284 3696 530 3785 conspiceretur
564 3697 650 3762 onim
675 3703 707 3762 et
731 3702 918 3783 conspectus
942 3697 1011 3762 sine
1034 3697 1133 3762 dubio
1156 3697 1365 3763 derideretur.

239 3824 326 3907 Ideo,
351 3823 477 3910 quando
501 3823 601 3888 festus
625 3823 693 3887 dies
716 3824 824 3909 agitur
850 3824 901 3888 vel
925 3824 1105 3910 spectacula
1125 3823 1251 3907 dantur,
1265 3846 1365 3889 remo·

240 3929 362 4015 vendns
398 3956 454 4016 est.
492 3949 603 4014 Etiam
635 3947 762 4015 dubitat
792 3971 869 4014 num
895 3951 1026 4015 fortasse
1049 3949 1218 4024 ἠλάττωται
1242 3952 1291 4016 acl
1315 3952 1367 4028 βέ-

240 4078 379 4156 βλωττωι
402 4077 454 4141 καὶ
477 4079 515 4148 εἷς
539 4084 592 4149 τὴν
618 4083 669 4141 τοῦ
693 4079 833 4154 σώματος
858 4077 910 4141 καὶ
933 4079 974 4148 εἰς
999 4079 1051 4151 τὴν
1074 4084 1127 4151 τῆς
1148 4083 1253 4156 ψυχῆς
1274 4079 1365 4156 riprto'·

238 4225 317 4276 τωτω
352 4200 417 4276 Qui
441 4201 487 4266 ita
512 4201 551 4266 de
575 4201 706 4266 homine
729 4203 839 4288 aliquo
859 4203 1027 4289 judicabat
1050 4223 1111 4266 non
1125 4203 1229 4288 potuit
1242 4203 1366 4288 opinari
1396 4177 1398 4186 Α

240 4329 377 4394 eundem
413 4329 447 4392 in
483 4329 577 4394 rebus
615 4330 753 4416 alicujus
791 4330 944 4395 momenti
980 4329 1125 4414 generosi
1156 4329 1256 4391 animi
1280 4328 1367 4393 dotes

240 4456 405 4521 ostendere
429 4457 539 4520 solere.
