3370 5450
903 671 946 733 32

542 935 574 1001 0.
601 938 652 1000 39.
678 935 720 998 Ia
744 935 851 1000 Gallio
876 956 1005 1020 quoque,
1025 957 1093 998 οωνο
1106 935 1488 999 damnatorumsororum

582 1069 765 1125 ornamento
795 1067 824 1125 ei
853 1062 1069 1146 supellectilem
1103 1070 1131 1125 et
1154 1083 1257 1126 servos
1280 1069 1373 1146 atqua
1395 1064 1489 1124 etiam

581 1189 704 1253 libertos
729 1191 887 1252 immensis
909 1190 1019 1272 pretiis
1042 1190 1251 1254 vendidisset.
1267 1237 1296 1252 ..
1370 1271 1372 1278 Ι

403 1400 456 1464 Ad
494 1407 577 1465 neoto
611 1398 858 1485 intelligendum
895 1398 982 1463 hune
1017 1400 1123 1464 looum
1159 1388 1288 1465 neeesse
1323 1406 1371 1463 eet
1405 1419 1488 1484 quae

360 1527 507 1614 proxime
542 1534 722 1612 sequuntur
754 1526 969 1612 subjungere:
1006 1527 1162 1592 invitatus
1197 1528 1295 1609 luero,
1328 1525 1488 1613 quidquid

359 1651 566 1716 instrumenti
591 1653 706 1717 vetoris
725 1652 818 1717 aulae
830 1659 898 1717 erat
910 1653 951 1717 ab
964 1652 1044 1717 urbe
1056 1653 1185 1739 repetiit
1198 1643 1268 1734 sto,
1281 1651 1398 1717 deinde
1410 1651 1487 1716 Dio

360 1779 411 1843 nis
435 1777 539 1844 Cassii
562 1779 601 1843 L.
627 1779 667 1843 59
692 1777 728 1842 0.
753 1779 792 1842 21
819 1777 972 1844 conferre.
994 1778 1058 1844 Dio
1079 1779 1136 1861 ibi,
1156 1785 1325 1866 postquam
1347 1778 1489 1842 narravit

360 1903 541 1990 Caligulam
579 1906 611 1968 in
648 1903 787 1969 Galliam
824 1904 1001 1991 profectum
1026 1926 1104 1987 osse,
1129 1911 1165 1969 ut
1189 1927 1206 1969 e
1230 1905 1355 1968 divitiis
1379 1902 1487 1968 Gallo·

360 2055 432 2098 rum
464 2039 496 2099 et
525 2031 745 2118 Hispanorum
778 2052 845 2096 rem
875 2029 1002 2113 faoeret,
1026 2031 1072 2095 sio
1095 2031 1218 2117 pergit:
1244 2034 1327 2094 τοῦτο
1352 2032 1407 2107 μὲν
1430 2029 1488 2108 γαρ

360 2159 425 2230 σούς
459 2182 491 2221 σε
523 2156 649 2237 ἔχοντας
681 2156 730 2220 ἐπὶ
764 2156 846 2238 adop
878 2155 1023 2235 σροΦοίσεν
1047 2157 1149 2230 ἐσύλα,
1173 2162 1257 2222 τοῦτο
1281 2156 1311 2221 δὲ
1336 2156 1388 2220 καὶ
1413 2157 1487 2235 δῶρα

362 2283 389 2349 οἵ
420 2309 453 2348 σε
484 2285 594 2348 testem
625 2283 676 2347 καὶ
709 2279 740 2347 αἳ
769 2282 867 2354 πόλεις
899 2283 1014 2347 ἑκοῦσαν
1035 2284 1127 2356 ,δῆθεν
1150 2283 1276 2360 μεγαλα
1301 2284 1381 2361 αὐτῷ
1407 2277 1486 2360 ἦγον.

359 2409 468 2482 ἄλλους
500 2413 536 2482 ὥς
568 2408 810 2486 ἐπιβουλεύοντας
841 2409 864 2473 οἱ
886 2409 1028 2488 ἐφόνευεν.
1054 2410 1103 2473 κα)
1127 2403 1160 2482 ἦν
1184 2409 1320 2485 eaedem
1344 2408 1488 2485 ἔγκλημα

359 2538 436 2602 πασί
458 2547 542 2613 σΦνσν
567 2537 598 2600 τὸ
622 2544 767 2602 πλουτεῖν.
791 2535 842 2600 καὶ
867 2537 963 2599 αὐτῶν
987 2535 1028 2599 σα
1051 2538 1198 2613 κτήματα
1217 2536 1305 2606 αὐτὸς
1318 2534 1487 2614 σνσροὲσκων

358 2666 457 2743 πολλῷ
490 2663 540 2728 καὶ
571 2665 603 2728 ἐκ
627 2663 728 2728 τούτου
753 2665 942 2742 ἠργυρολόγει.
971 2664 1080 2736 σαντες
1104 2665 1161 2744 γὰρ
1184 2663 1386 2744 ἠναγκάζοντο
1410 2687 1485 2727 σαν·

359 2791 438 2860 τοίως
462 2815 494 2853 σε
518 2789 569 2854 καὶ
593 2790 667 2854 πολύ
692 2815 728 2867 γε
752 2790 821 2869 ὑπὲρ
843 2792 895 2864 τὴν
920 2787 1007 2864 νέξίαν
1032 2793 1169 2864 ὠνεῖσθαι,
1193 2792 1228 2855 δι’
1253 2787 1275 2855 ἃ
1297 2789 1406 2870 εἴρηκα.
1432 2789 1482 2855 Ao
1531 2829 1533 2832 ·

359 2916 467 2981 statim
502 2915 608 2980 addit:
640 2917 698 2994 αφ’
734 2910 817 2994 οὗπερ
851 2915 902 2980 καὶ
938 2917 979 2980 σα
1011 2924 1063 2990 τῆς
1094 2916 1259 2996 μοναρχίας
1283 2918 1423 2993 κειμήλια
1447 2914 1488 2978 σα

358 3042 509 3107 κάλλιστα
543 3041 595 3106 καὶ
626 3042 796 3118 τιμιώτατα
819 3042 1100 3121 μεταπεμψάμενος
1124 3040 1298 3123 ἀπεκήρυξε,
1323 3043 1376 3116 τὴν
1400 3039 1487 3116 δόξαν

358 3173 414 3230 τῶν
437 3171 508 3231 ποτὲ
531 3175 726 3246 χρησαμένων
751 3169 850 3240 αὐτοῖς
875 3174 1042 3245 copinam
1067 3172 1168 3251 σφίσιν
1193 3185 1260 3233 κτλ.

403 3292 490 3373 Quia
524 3293 625 3377 igitur
655 3293 738 3360 bona
769 3295 927 3359 eoeiorum
960 3296 1127 3362 immensis
1152 3297 1264 3383 pretiis
1288 3296 1486 3379 vendiderat,

359 3420 455 3485 etiam
492 3427 676 3485 ornamenta
711 3422 909 3508 principatus
940 3422 1043 3487 Roma
1067 3425 1203 3510 repetita
1226 3425 1298 3488 vooi
1322 3424 1488 3510 praeconis

359 3546 505 3631 subjooit.
542 3543 664 3610 Oollato
687 3546 772 3631 quod
798 3568 895 3633 supra
920 3546 1092 3614 Suetonius
1116 3548 1248 3613 tradidit
1270 3570 1412 3613 sororum
1439 3548 1488 3612 ibi

360 3673 479 3738 mentio
502 3672 585 3737 saeta
607 3673 715 3737 statim
738 3672 881 3739 offendit.

404 3796 584 3880 Praeterea,
618 3819 676 3863 our
718 3807 904 3865 ornamenta
939 3805 970 3865 ot
1004 3801 1236 3887 supellectilem
1273 3823 1415 3866 sororum
1450 3801 1487 3864 in

359 3921 500 3987 Galliam
536 3922 730 3989 abduceret?
765 3924 848 4001 Quia
882 3925 1004 3992 seilicet
1036 3947 1073 3991 ea
1103 3926 1225 3992 Romae
1257 3927 1393 3992 vendere
1423 3947 1487 3991 non

360 4050 489 4136 potuit?

405 4174 543 4240 Videtur
576 4177 673 4240 otiam
696 4177 802 4240 auotio
826 4176 904 4242 haoo
927 4176 1010 4242 faeta
1034 4178 1143 4263 fuisse,
1168 4184 1341 4264 antequem
1364 4199 1487 4243 sorores

361 4302 587 4368 condemnatae
616 4309 700 4368 sunt.
736 4303 800 4367 Dio
830 4309 915 4368 uerte
947 4310 1054 4389 postea
1086 4302 1123 4368 O.
1148 4305 1190 4367 22
1211 4312 1344 4369 mortem
1368 4303 1487 4390 Lepidi

363 4435 395 4495 ot
418 4430 572 4494 exsilium
596 4451 739 4495 sororum
762 4429 868 4496 tradit.
