3370 5450
865 729 906 789 68

371 934 541 1025 Nusquam
567 959 641 1004 uero
664 960 705 1004 ne
728 939 825 1004 uerbo
848 938 979 1026 quidem
1003 937 1163 1002 indicatur
1185 937 1355 1002 Locustam
1369 937 1447 1001 alios

324 1063 468 1150 ejusdem
491 1066 636 1131 criminis
659 1066 874 1132 conuinxisse.

370 1187 479 1277 Atque
502 1191 560 1257 hcc
583 1191 651 1256 loco
685 1191 856 1278 praecipue
881 1190 1001 1255 mentio
1021 1189 1104 1255 lacta
1115 1188 1271 1254 Locustae
1284 1194 1446 1274 tamquam

324 1318 440 1383 indicis
465 1324 513 1383 est
536 1319 655 1404 inepta,
679 1317 764 1403 quod
788 1317 928 1383 Locusta
940 1337 1144 1404 nequaquam
1158 1322 1193 1380 ut
1206 1315 1449 1381 uenenariorum

325 1443 423 1508 index
459 1442 513 1508 sed
549 1444 618 1530 ipsa
649 1451 685 1508 ut
709 1444 880 1509 uenenaria
903 1443 1086 1528 inducitur;
1111 1411 1282 1507 adhibetur
1304 1441 1389 1506 enim
1414 1446 1449 1503 ut

325 1571 494 1635 molestum
518 1569 656 1636 Neronis
679 1571 843 1635 aemulum
868 1591 990 1636 ueneno
1015 1569 1194 1634 interficiat.

369 1693 485 1780 Quare,
517 1697 545 1760 si
577 1694 700 1782 aliquid
725 1696 885 1781 legeretur
907 1695 990 1781 quod
1014 1716 1086 1759 cum
1111 1693 1226 1759 Dionis
1252 1691 1449 1774 „acaronita

242 1807 248 1818 ’
325 1821 524 1907 περιβόητον”,
560 1822 610 1887 uel
645 1843 719 1887 oum
751 1821 857 1886 Taciti
883 1822 1005 1903 „multa
1027 1820 1183 1887 scelerum
1207 1819 1312 1883 lama”
1337 1839 1449 1883 conue-

324 1949 417 2032 niret,
442 1948 549 2014 statim
574 1947 736 2015 codicibus
759 1949 856 2014 fidem
881 1948 1083 2014 haberemus.
1096 1947 1192 2013 Forte
1205 1946 1331 2011 fortuna
1343 1951 1448 2009 autem

324 2074 357 2138 id
393 2047 512 2141 lactum
535 2047 599 2160 est;
623 2076 657 2139 in
681 2075 789 2142 codice
811 2074 960 2140 Oortiano
983 2075 1070 2140 enim
1094 2081 1126 2140 et
1149 2073 1288 2138 Vindob.
1313 2071 1451 2138 seeundo

324 2202 460 2286 legitur:
493 2202 736 2268 uenenariorum
761 2202 891 2289 inclyta,
915 2200 999 2288 quod
1023 2200 1128 2265 Taciti
1152 2207 1184 2265 et
1207 2199 1320 2265 Dionis
1344 2198 1450 2264 uerbis

325 2328 444 2414 optime
479 2327 656 2414 respondet.
695 2325 799 2401 Quam
834 2328 1002 2393 lectionem
1038 2327 1136 2393 etiam
1171 2326 1387 2391 Ruhnkeuius
1416 2326 1449 2388 in

324 2453 453 2518 scholiis
477 2453 544 2518 suis
568 2453 802 2518 commendauit
823 2453 875 2518 his
898 2453 1022 2519 uerbis:
1046 2451 1121 2516 Viri
1144 2452 1227 2517 docti
1247 2453 1328 2517 bene
1340 2452 1451 2535 legunt

325 2580 569 2646 uenenariorum
603 2579 732 2666 inclyta.
765 2578 855 2644 lnter
886 2580 1003 2644 multas
1027 2599 1103 2644 sane
1127 2585 1158 2643 et
1180 2579 1284 2642 uarias
1309 2578 1450 2642 uirorum

325 2704 488 2772 doctorum
509 2708 716 2793 conjecturas,
738 2705 820 2792 quae
838 2705 976 2771 auerbis
987 2705 1113 2770 traditis
1126 2705 1312 2790 longissime
1323 2703 1451 2781 distant,

325 2832 415 2896 nulla
439 2839 486 2897 est
509 2841 591 2918 quae
615 2853 743 2896 sensum
768 2837 833 2895 tam
858 2831 990 2896 obuium
1014 2837 1046 2897 et
1065 2831 1271 2918 perspicuum
1291 2830 1450 2916 praebeat.

268 2998 272 3015 ι
316 2955 433 3031 ¹Quare
468 2956 638 3043 legendum
675 2979 786 3023 censeo
821 2958 854 3022 id
890 2958 975 3044 quod
1006 2960 1075 3044 jam
1111 2955 1159 3021 Ol.
1183 2955 1312 3022 Ernesti
1334 2955 1451 3021 edidit:

327 3081 420 3156 Quod
455 3088 621 3170 acceptum
656 3103 675 3146 a
709 3082 847 3169 quadam
878 3083 1030 3168 Lucusta,
1055 3083 1298 3149 uenenariorum
1322 3082 1452 3169 inclyta.

507 3366 540 3433 0.
574 3367 627 3431 35.
665 3369 917 3433 ....Aaioatum
946 3369 1158 3453 poedaooqam
1193 3388 1285 3432 soum
1319 3369 1452 3432 iadicem

549 3493 736 3578 subjecerit„
764 3496 819 3580 qut
859 3495 1000 3579 doceret,
1043 3495 1110 3560 dolo
1149 3501 1327 3576 stupratam
1367 3516 1387 3558 a
1421 3514 1453 3557 ce

548 3620 710 3704 fateretur.

373 3841 423 3907 Ita
458 3839 597 3906 Rothius
632 3841 735 3908 edidit
769 3864 811 3908 ex
846 3842 953 3908 codice
973 3842 1178 3911 Memmiano.
1200 3841 1321 3908 ¹Vocem
1346 3849 1454 3907 tamen

329 3969 494 4033 molestam
521 3966 708 4052 „fingeret”,
732 3988 815 4053 quae
838 3968 872 4031 in
896 3967 1002 4033 codice
1026 3967 1191 4032 Basiliano
1211 3987 1275 4031 non
1294 3966 1454 4053 reperitur

328 4100 360 4160 et
384 4094 512 4159 omnino
536 4092 687 4175 abundat,
711 4113 774 4158 uon
794 4092 907 4159 dubito
930 4093 1044 4159 delere.

372 4218 539 4284 Glossema
562 4218 694 4284 fortasse
717 4219 750 4283 in
774 4220 919 4305 margine
942 4219 1137 4306 adscriptum
1159 4224 1267 4304 postea
1279 4218 1312 4281 in
1324 4223 1452 4285 textum

329 4345 470 4431 irrepsit.
496 4343 531 4408 si
555 4365 640 4428 uero,
664 4344 749 4432 quod
773 4345 920 4410 nonnulli
943 4344 1086 4428 credunt,
1110 4344 1289 4430 genuinum
1313 4349 1361 4408 est
1384 4363 1454 4408 uer·

329 4470 418 4554 bum,
455 4469 493 4535 ad
529 4470 594 4534 alia
629 4470 698 4535 sine
722 4470 788 4535 ullo
812 4471 949 4557 uestigio
973 4468 1138 4557 deperdita
1162 4471 1310 4556 pertinet.
1335 4468 1374 4532 ln
1397 4467 1456 4532 hoc
