3370 5450
877 647 918 708 46

381 857 638 939 „Quantumvis”
673 864 781 923 autem
815 857 906 922 nulla
937 879 1013 922 vooe
1046 857 1177 922 reddere
1201 879 1369 944 possumus
1393 858 1456 922 uisi

339 984 460 1066 „valde,
486 1005 580 1070 quam
607 985 781 1050 maxime''.
807 983 873 1065 Qui
896 1005 1017 1065 sensus,
1043 984 1103 1047 etsi
1126 989 1158 1048 et
1178 983 1458 1070 aliisloeisrequi·

334 1111 416 1174 ritui·
442 1111 499 1176 ofr.
525 1108 592 1175 Oal.
618 1112 676 1173 53:
702 1110 910 1196 quantumvis
933 1107 1088 1173 faeuudus
1112 1115 1144 1173 et
1163 1115 1339 1195 promptus,
1354 1115 1459 1173 tamen

334 1237 388 1302 hio
423 1238 530 1300 minus
566 1236 698 1301 idoneus
734 1237 870 1303 videtur.
903 1235 1012 1301 Verba
1042 1236 1234 1322 explicanda
1265 1236 1351 1301 enirn
1376 1235 1461 1300 buno

333 1384 462 1427 sensum
498 1362 671 1427 haberent:
708 1362 794 1427 Illud
829 1364 899 1427 sine
931 1363 1029 1427 dubio
1059 1362 1152 1426 valde
1176 1362 1348 1428 salubriter
1371 1368 1403 1426 et
1428 1363 1460 1425 in

336 1496 488 1574 tempore.
526 1487 616 1552 Haeo
650 1488 763 1552 saltem
795 1497 843 1552 est
865 1489 931 1554 sola
954 1488 1156 1573 significatio,
1181 1509 1263 1574 quas
1288 1510 1330 1554 ex
1355 1489 1462 1553 verbis

338 1615 464 1679 traditis
488 1616 674 1700 extorqueri
699 1616 807 1701 pessit.

383 1740 430 1803 At
453 1762 513 1804 non
539 1748 745 1825 exspectatur
767 1741 953 1828 exemplum
974 1742 1119 1826 jooorum
1144 1740 1341 1822 salubrium3
1355 1740 1462 1804 omnia

338 1866 425 1930 enim
450 1887 531 1952 quae
555 1866 746 1932 antecedunt
769 1873 800 1932 et
823 1873 1003 1954 sequuntur
1026 1866 1161 1931 tendunt
1179 1865 1462 1952 adfrigidosjoeos

338 1991 525 2057 efferendos.
553 1991 665 2078 Ipsum
690 1998 798 2057 autem
822 1993 1009 2079 exemplum
1034 1992 1118 2078 quod
1142 1991 1276 2057 affertur
1299 2013 1360 2056 non
1385 1991 1463 2056 adeo

339 2114 434 2182 laude
456 2117 538 2181 mihi
559 2117 675 2203 dignus
697 2117 833 2184 videtur.
847 2117 950 2182 Valde
970 2117 1073 2182 salsus
1084 2124 1116 2182 et
1127 2124 1221 2205 aptus
1233 2124 1317 2183 esrts
1329 2139 1391 2182 nou
1405 2124 1461 2182 est.

384 2243 461 2308 Ideo
485 2267 541 2330 pro
569 2244 702 2330 „plene”
727 2244 984 2309 commendatum
1007 2250 1055 2308 est
1077 2265 1096 2307 a
1115 2243 1301 2309 Burmanno
1321 2250 1353 2308 et
1371 2244 1462 2308 aliis:

341 2369 506 2455 frigidum,
533 2372 584 2436 vel
607 2371 670 2434 elie
695 2393 758 2435 vox
782 2392 971 2458 synonyma.
992 2371 1065 2435 Non
1084 2371 1462 2456 tamensiereetelegas3

342 2519 405 2560 vox
451 2496 608 2581 „frigida”
644 2498 730 2560 enim
765 2498 897 2563 vocibus
935 2498 1125 2579 „salubriter
1160 2505 1191 2564 et
1227 2500 1261 2562 in
1300 2500 1465 2585 tempore''

343 2624 471 2689 omnino
483 2624 624 2708 tollitur;
642 2646 704 2688 non
717 2645 792 2709 ergo
804 2625 898 2690 ambo
910 2625 949 2690 de
962 2625 1072 2691 eadem
1086 2647 1119 2691 re
1132 2626 1308 2712 praedicari
1321 2633 1463 2712 possunt.

389 2749 528 2836 Propius
551 2771 570 2814 a
594 2750 691 2814 verbo
718 2751 851 2838 „plane”
876 2752 995 2816 recedit
1017 2759 1049 2816 et
1068 2753 1177 2816 sensui
1197 2751 1466 2817 accommodatius

343 2884 390 2940 est
428 2877 612 2962 „perleve'':
649 2876 736 2940 Illud
770 2878 909 2965 perleve,
941 2879 1150 2965 quantumvis
1180 2878 1352 2944 salubriter
1375 2885 1408 2943 et
1431 2881 1464 2942 in

343 3011 496 3089 ternpore.
520 3004 764 3070 Advertendum
785 3011 891 3069 tamen
902 3011 951 3068 est
966 3005 1226 3090 „quantumvis”,
1239 3005 1267 3068 si
1279 3005 1325 3068 ita
1336 3005 1464 3089 legeris,

344 3129 564 3215 accipiendum
587 3151 656 3195 esse
681 3151 737 3215 pro
764 3130 963 3216 „quamvis”.
985 3127 1051 3193 cfr.
1064 3131 1085 3196 i.
1099 3150 1128 3195 a.
1144 3128 1222 3195 Hor.
1235 3129 1295 3216 Ep.
1310 3131 1350 3193 2:
1365 3131 1406 3192 2:
1421 3129 1463 3190 39

348 3254 428 3336 „Ille
462 3263 560 3338 catus,
595 3256 802 3341 quantumvis
834 3255 972 3320 rusticus
1003 3263 1061 3322 ete.
1085 3254 1148 3320 Vel
1172 3256 1205 3319 in
1230 3277 1306 3320 vooe
1332 3256 1465 3342 „plane”

345 3381 434 3447 aliud
469 3383 604 3448 verbum
638 3383 724 3465 latet,
757 3382 841 3468 quod
872 3382 967 3468 quale
990 3383 1117 3447 sitnon
1141 3404 1198 3469 pro
1221 3388 1306 3447 eerto
1329 3387 1468 3446 statuere

346 3530 527 3595 possumus.

462 3819 467 3830 i
527 3779 560 3845 Ο.
596 3780 647 3845 22.
685 3787 865 3860 ...atque
894 3782 968 3844 diro
990 3803 1045 3845 ove
1068 3783 1102 3844 ia
1128 3781 1277 3862 Capitolio
1299 3785 1366 3846 visa
1389 3782 1470 3846 obae-

567 3907 664 3969 eratio
693 3905 857 3968 baberetur
886 3927 1011 3990 eamque
1034 3907 1099 3990 ipse
1114 3909 1194 3989 jure
1217 3909 1348 3970 maximi
1367 3910 1469 3987 potiti-

567 4033 635 4110 sioe‘s
672 4052 734 4114 pro
775 4032 899 4096 Rostris
937 4033 1053 4115 populo
1084 4034 1224 4115 praeiret
1258 4039 1469 4118 summotaque

570 4178 735 4237 operarum
759 4178 977 4242 servorumque
1000 4159 1102 4223 turba.

395 4393 433 4458 In
457 4393 516 4458 hae
539 4394 696 4458 sententia
714 4392 908 4479 ejiciendum
922 4414 1033 4459 eeuseo
1049 4394 1151 4479 „que”
1165 4400 1236 4480 post
1251 4393 1470 4479 „summota’';
