3370 5450
787 717 828 800 a

291 923 341 989 Ne
375 924 552 989 verisimile
585 925 717 1010 quidem
751 931 799 989 est
822 926 904 990 bona
929 948 1072 991 sororum
1097 948 1116 991 a
1139 889 1288 1014 Galissula
1310 951 1371 993 uu-

246 1070 341 1136 quam
378 1051 509 1116 vendita
543 1072 620 1116 esse.
657 1050 756 1137 Apud
787 1051 923 1117 Dionem
950 1053 1036 1117 enim
1062 1053 1099 1116 L.
1127 1056 1168 1118 60
1195 1077 1220 1120 e.
1248 1061 1268 1117 4
1292 1055 1374 1141 legi·

246 1197 336 1240 mus:
371 1217 411 1224 -
444 1176 617 1262 imperator
640 1175 798 1241 Claudius
824 1218 862 1226 —
890 1178 987 1242 etiam
1012 1181 1144 1266 eosqui
1168 1181 1330 1246 immerito
1354 1199 1373 1244 a

246 1299 395 1386 Caligula
419 1304 451 1366 iu
476 1303 613 1367 exilium
639 1309 729 1368 erant
753 1303 854 1385 missi,
879 1325 952 1367 oum
978 1304 1058 1369 alios
1072 1312 1140 1369 tum
1154 1304 1371 1392 Agrippinam

246 1435 279 1492 et
302 1427 324 1492 J
326 1429 428 1492 ulium
453 1449 574 1493 sorores
599 1429 761 1493 revocavit
784 1429 890 1515 iisque
914 1430 998 1495 bona
1023 1430 1171 1495 reddidit.

292 1553 431 1618 Videtur
463 1553 545 1617 mihi
576 1555 677 1639 igitur
708 1553 883 1620 Suetonius
908 1577 970 1620 uou
994 1555 1161 1642 seripsisse
1187 1559 1372 1638 „sororum”

247 1680 303 1744 sed
336 1681 544 1761 „sociorum”.
569 1678 684 1767 Neque
706 1681 852 1766 intelligo
876 1702 933 1745 our
954 1680 1094 1746 Rothius
1119 1703 1189 1747 eam
1213 1685 1373 1769 ooujsotu·

248 1829 317 1871 ram
352 1807 392 1870 ab
427 1805 654 1893 Oudendorpio
688 1808 883 1894 propositam
906 1807 1033 1873 silentio
1057 1810 1268 1895 praeterierit.
1299 1809 1373 1875 Pal·

248 1933 384 1997 mariam
420 1954 488 1997 eam
520 1933 736 2000 Ruhnkenius
767 1936 902 1999 vocavit.
927 1933 1001 1998 Vox
1028 1935 1198 2014 „libertos”
1221 1936 1372 2024 denique,

248 2081 331 2146 quae
360 2060 516 2146 sequitur,
540 2061 573 2123 in
601 2060 690 2125 nullo
712 2060 819 2125 oodioe
842 2060 1011 2146 reperitur,
1037 2059 1168 2125 Mamm.
1190 2061 1288 2128 habet
1315 2065 1372 2146 „li-

249 2187 386 2265 berios’'‚
418 2187 515 2252 ceteri
546 2207 655 2251 omues
690 2186 857 2266 „liberos’'.
883 2184 1037 2251 Admisso
1059 2195 1168 2253 autem
1191 2190 1373 2274 oonjeetura

254 2313 451 2394 „sooiorum”
472 2278 541 2378 -vox
569 2311 726 2394 „liberos”
751 2313 848 2376 etiam
870 2313 1078 2399 praeferenda
1098 2312 1226 2397 videtur
1245 2315 1375 2382 lectioni

255 2439 438 2532 „libertos”.
539 2499 541 2503 .

434 2711 468 2777 Ο.
504 2712 557 2775 41.
588 2712 753 2794 Ejusmodi
775 2713 972 2798 veetiqaiib'us
994 2715 1121 2778 indietis
1144 2735 1242 2796 aeque
1264 2739 1373 2798 propo·

472 2840 552 2922 sitis,
577 2860 647 2902 eum
664 2860 724 2922 per
747 2840 958 2920 iquoroatr'om
981 2842 1156 2920 scripturae
1176 2843 1276 2906 muita
1295 2865 1373 2908 eorn-

471 2967 567 3029 missa
596 2967 715 3045 stererat,
739 2965 866 3031 taudem
899 2967 1064 3054 sieqitaate
1077 2968 1191 3051 populo
1213 2971 1376 3052 proposuit

470 3093 593 3176 quidem
617 3090 713 3175 leqem
732 3097 785 3155 ete.

294 3325 378 3400 Quid
415 3325 478 3388 sibi
500 3324 602 3390 velint
626 3326 723 3390 verba
748 3326 804 3389 illa
827 3327 1033 3414 perspicuum
1058 3335 1116 3394 est.
1140 3329 1223 3414 Lex,
1247 3330 1286 3396 de
1309 3352 1373 3416 qua

248 3471 346 3537 supra
380 3457 427 3516 est
461 3457 578 3534 aetum,
615 3472 678 3516 nou
714 3452 833 3516 tabulis
868 3451 975 3517 affixis
1006 3455 1125 3541 populo
1149 3455 1284 3541 legenda
1306 3462 1374 3522 erat

248 3576 427 3662 proposita3
448 3576 550 3640 muita
572 3598 612 3641 ex
638 3598 675 3641 eo
698 3577 869 3642 commissa
892 3579 968 3664 quia
991 3587 1139 3644 accuratu
1159 3581 1240 3665 legis
1259 3581 1373 3656 notitia

248 3702 374 3787 acquiri
397 3723 459 3767 uon
484 3709 616 3789 poterat.

294 3826 414 3892 Vocem
443 3829 620 3915 seripturae
643 3829 806 3894 difficilem
831 3852 900 3896 esse
923 3832 1087 3918 explicatu
1111 3854 1220 3898 omues
1244 3854 1374 3900 oousen·

248 3954 344 4019 tiunt.
381 3954 475 4018 Nihil
498 3955 594 4020 enim¹
609 3955 790 4040 significare
814 3963 917 4042 potest
940 3959 1004 4022 nisi
1027 3959 1104 4041 vim,
1129 3981 1257 4024 sensum
1281 3961 1372 4047 legis,

249 4081 302 4148 vel
327 4082 434 4164 verba,
457 4082 576 4169 quibus
598 4082 654 4146 lex
678 4084 844 4147 enuntiata
867 4089 944 4148 erat.
969 4082 1090 4148 Vereor
1113 4092 1150 4149 ut
1173 4085 1289 4152 Latine
1314 4087 1372 4170 vis,

248 4229 361 4274 seusus
385 4207 466 4292 legis
489 4206 549 4271 hoo
575 4207 672 4272 verbo
696 4208 873 4293 scripturae
898 4207 1058 4272 reddatur.

296 4332 460 4420 Soriptura
473 4360 514 4390 :
531 4335 574 4396 10.
596 4334 702 4419 ipsum
716 4333 855 4397 seribere
868 4333 919 4397 vel
930 4354 1032 4418 genus
1045 4334 1202 4400 soribendi
1217 4338 1262 4400 2⁰.
1276 4339 1373 4402 stiam

248 4461 376 4546 scripta.
402 4456 602 4543 Signifioatio
622 4478 697 4523 vero
719 4478 801 4544 quae
824 4457 883 4523 hoo
904 4458 971 4523 looo
983 4459 1160 4544 requiritur
1171 4483 1232 4526 non
1247 4463 1375 4528 videtur

634 4580 637 4587 '
1257 4578 1272 4626 3
