3370 5450
921 675 964 738 24

360 875 452 952 ¹aare
474 886 526 952 vel
553 887 641 973 „ipse
665 886 883 973 oonspioiens’'
910 887 959 952 vel
986 887 1074 973 „ipse
1096 884 1303 972 eonspeotus”
1328 905 1422 949 nemo
1442 905 1505 949 non

380 1015 523 1098 ignorat3
548 1012 607 1078 hoo
630 1020 739 1078 autem
759 1013 826 1077 loeo
850 1013 989 1098 intelligi
1012 1010 1181 1077 Caesarem
1205 1032 1224 1074 a
1248 1010 1407 1075 militibus
1430 1031 1504 1074 oon-

380 1135 524 1226 speotum
560 1139 796 1204 miserationem
829 1139 995 1204 excitasse
1015 1139 1220 1226 perspicuum
1244 1144 1301 1202 est.
1325 1135 1407 1211 Quis
1430 1157 1505 1202 vero

381 1266 502 1364 dixerit
525 1265 657 1331 Latine:
686 1266 832 1347 „flectere
854 1265 997 1352 aliquem
1021 1287 1063 1330 ex
1086 1270 1255 1351 conspeetu
1278 1262 1506 1329 suoPInsolita

380 1413 509 1479 prorsus
531 1398 579 1456 est
600 1392 726 1457 looutio.

424 1518 501 1584 Ideo
535 1518 674 1584 Rothius
708 1519 804 1604 legit:
836 1517 921 1582 solus
944 1524 976 1583 et
997 1524 1167 1603 conspeetu
1191 1537 1258 1582 suo.
1283 1514 1376 1590 Quod
1399 1517 1427 1580 si
1450 1515 1504 1579 ad·

381 1649 560 1713 mittamus·
583 1666 694 1711 sensus
726 1652 773 1709 est
801 1643 871 1708 hio:
896 1641 1045 1729 Caligula
1068 1665 1121 1709 eos
1144 1643 1238 1707 flexit
1261 1642 1356 1725 solus,
1379 1642 1502 1707 nullius

379 1774 514 1856 auxilio,
538 1772 636 1859 idque
659 1777 829 1858 eonspeetu
854 1792 921 1835 suo.
946 1769 1030 1835 Mihi
1053 1769 1182 1835 videtur
1202 1770 1291 1835 nulla
1301 1769 1505 1834 distinetione

378 1921 436 1965 neo
459 1899 657 1986 separatione
681 1920 760 1984 opus
785 1919 862 1962 esse.
887 1895 1036 1982 Caligula
1056 1897 1142 1962 solus
1164 1896 1282 1961 milites
1301 1896 1405 1960 flexit.
1418 1893 1507 1969 Quo.

379 2019 495 2090 modo?
519 2020 601 2088 Cum
626 2025 732 2110 ipsum
756 2023 983 2109 oonspioerent.
997 2020 1104 2096 Quare
1116 2021 1504 2109 aequiesoendumjudioo

379 2148 507 2213 lectioni
525 2150 595 2234 jam
621 2149 653 2210 in
675 2147 810 2212 vetustis
831 2147 1026 2211 editionibus
1039 2154 1200 2233 renuptae:
1218 2148 1322 2229 „solus
1335 2155 1503 2235 oonspeotu

379 2298 437 2341 suo
471 2276 604 2360 flexit'';
636 2295 700 2362 qua
730 2275 865 2339 leotione
896 2280 980 2339 reete
1003 2282 1035 2340 et
1057 2281 1191 2340 venuste
1214 2275 1300 2340 idem
1323 2277 1505 2342 continetur

379 2402 465 2489 quod
498 2402 584 2489 apud
615 2401 689 2466 Tae.
715 2400 802 2467 Ann.
826 2401 863 2465 L.
888 2401 916 2484 Ι,
941 2423 966 2466 e.
992 2403 1035 2466 40
1058 2408 1215 2466 narratur.
1239 2402 1360 2469 Milites
1383 2404 1505 2468 tumul·

380 2533 516 2610 tuentes,
551 2548 624 2591 eum
648 2526 866 2613 conspicerent
889 2525 1081 2611 Caligulam,
1107 2529 1164 2614 qui
1189 2528 1345 2594 Treveros
1369 2529 1504 2596 deduoe·

380 2654 483 2736 batur,
507 2653 540 2717 id
563 2652 633 2718 fieri
660 2653 802 2718 nolentes
825 2653 864 2717 ad
889 2653 1118 2739 poenitentiam
1143 2654 1229 2719 versi
1252 2662 1336 2719 sunt.

561 3024 595 3091 0.
622 3024 670 3088 12.
696 3024 807 3107 Sejouo
822 3028 896 3109 jum
916 3033 992 3090 torae
1010 3031 1146 3106 suspecto
1165 3048 1236 3090 snex
1256 3032 1438 3108 etoppresso
1452 3079 1459 3094 .
1474 3075 1502 3092 ..

424 3306 529 3374 Nemo
551 3309 644 3374 oredo
667 3309 745 3375 haeo
769 3310 867 3376 verba
889 3311 999 3396 legens
1023 3265 1203 3378 offenditur.
1226 3310 1344 3377 Omnia
1364 3313 1505 3379 dilucida

380 3441 412 3500 et
443 3441 528 3500 reeta
560 3443 642 3500 sunt.
666 3434 907 3517 Nihilominus,
932 3458 1005 3501 oum
1037 3438 1135 3504 verba
1161 3441 1243 3524 „jam
1269 3441 1366 3504 tuno'’
1391 3461 1408 3504 e
1431 3462 1504 3504 oon·

376 3563 502 3647 jeotura
534 3561 566 3622 in
590 3567 717 3625 textum
737 3568 864 3648 reoepta
887 3583 906 3626 a
931 3563 1038 3628 verbis
1060 3564 1187 3628 traditis
1211 3565 1350 3629 multum
1375 3565 1503 3649 distent,

379 3689 419 3753 ad
442 3688 619 3774 genuinum
643 3695 771 3753 textum
794 3689 1051 3755 constituendum
1076 3712 1204 3756 neeesse
1228 3693 1290 3755 erit
1310 3713 1409 3756 mssos
1421 3693 1504 3757 inter

305 3803 308 3809 ¹
379 3837 413 3880 se
446 3814 598 3881 conferre.
635 3813 719 3881 Med.
751 3837 798 3901 pr.
830 3814 927 3881 habet
953 3823 1038 3902 „oste
1061 3818 1171 3900 tuno”,
1196 3817 1280 3884 Med.
1305 3840 1366 3883 see.
1394 3817 1504 3900 „lroste

379 3940 487 4024 tuno”,
523 3940 605 4005 Med.
641 3947 713 4008 tert.
748 3962 806 4022 „ne
830 3942 937 4024 tuno”,
962 3941 1093 4010 Memm.
1117 3943 1181 4009 ood.
1208 3946 1339 4029 „vete”;
1363 3953 1503 4011 osterum

381 4089 444 4132 vox
483 4066 598 4148 „tuno”
633 4066 667 4128 in
701 4067 813 4130 multis
843 4067 916 4131 aliis
947 4067 1109 4132 oodieibus
1132 4069 1339 4137 desideratur.
1363 4069 1402 4135 In
1427 4093 1503 4136 non-

380 4192 478 4256 nullis
502 4191 594 4255 libris
618 4191 738 4276 legitur
759 4181 954 4278 „hospite’i'
1246 4167 1248 4174 Ι
1305 4165 1307 4170 ⁴

425 4318 516 4394 Quae
552 4324 660 4383 autem
695 4318 788 4383 leetio
824 4340 866 4383 ex
903 4320 1002 4383 variis
1035 4319 1100 4383 illis
1135 4321 1339 4406 aptissimum
1374 4342 1504 4385 sensum
1554 4379 1556 4384 .

377 4445 527 4532 praebeat
550 4444 704 4530 quislibet
726 4443 819 4508 oredo
837 4446 907 4530 jam
932 4443 1028 4512 videt.
1054 4443 1136 4510 Sunt
1158 4446 1254 4512 verba
1268 4445 1351 4513 Med.
1366 4445 1499 4512 seouudi
