3370 5450
365 894 433 959 cis”
466 934 507 942 —
539 893 623 981 quod
648 902 696 960 est
719 916 737 961 e
759 896 941 980 conjectura
965 934 1007 942 —
1031 895 1105 981 quis
1129 917 1186 982 pro
1210 901 1294 960 certo
1317 895 1492 981 diudicet?

365 1020 533 1106 Pegmaris
561 1020 687 1105 fingunt
711 1043 780 1087 csse
803 1021 920 1086 debilis
943 1043 985 1087 ex
1010 1022 1105 1086 ruina
1130 1024 1287 1109 pegmatis
1311 1023 1363 1088 val
1389 1023 1494 1109 quali·

365 1169 493 1235 cunque
528 1169 633 1230 causa,
673 1150 886 1236 „pygmaeos”
919 1149 1003 1214 idem
1036 1172 1105 1215 esse
1130 1150 1215 1236 quod
1239 1149 1360 1215 Graeca
1384 1174 1492 1214 πυκτο-

366 1274 463 1353 cazor
493 1275 698 1339 contendunt.
725 1274 877 1340 Difficilis
902 1275 1041 1362 profecto
1066 1285 1113 1341 est
1137 1278 1233 1359 locus,
1258 1278 1311 1342 cui
1334 1283 1371 1341 ut
1395 1277 1493 1340 variis

366 1404 398 1464 et
421 1399 532 1464 multis
555 1401 746 1486 conjecturis
770 1423 862 1486 opem
887 1401 970 1465 ferre
994 1402 1098 1466 conati
1122 1409 1197 1466 sunt
1219 1404 1265 1467 sic
1289 1424 1350 1468 non
1371 1409 1493 1469 eertum

367 1527 546 1594 remedium
569 1527 683 1593 afferre
707 1534 889 1615 potuerunt.
915 1525 998 1592 (lum
1023 1529 1109 1592 enim
1133 1528 1218 1612 quod
1241 1528 1364 1593 codices
1387 1549 1492 1593 serva-

366 1661 442 1719 runt
463 1676 558 1720 sensu
582 1676 707 1719 cassum
732 1657 774 1719 sit
798 1656 1057 1742 interpretatores
1081 1655 1203 1720 diducti
1223 1662 1298 1720 sunt
1318 1656 1350 1718 in
1364 1663 1489 1722 vastum

367 1801 516 1866 campum
551 1784 817 1867 conjecturarum.
854 1781 1058 1868 Quamquam
1089 1803 1106 1844 e
1139 1781 1250 1846 multis
1273 1802 1355 1867 quae
1379 1803 1491 1867 propo·

366 1906 446 1970 sitae
470 1914 545 1972 sunt
568 1907 759 1993 conjecturis
783 1908 873 1971 nulla
898 1913 946 1972 est
970 1929 1066 1993 quam
1090 1906 1267 1970 admittam.
1292 1905 1385 1980 Quod
1406 1908 1491 1971 enim

370 2056 427 2122 pro
466 2033 669 2119 „pegniaris”
705 2034 817 2119 legunt
851 2033 1051 2119 „pegmaris”
1077 2033 1128 2097 vel
1155 2033 1366 2119 „pygmaeos”
1392 2053 1492 2102 unum

368 2160 503 2225 verbum
527 2161 698 2224 obscurum
723 2159 823 2224 altero
847 2158 975 2223 tollunt.

413 2283 496 2348 Ourn
534 2306 609 2351 vero
644 2285 748 2348 varias
783 2284 935 2348 lectiones
970 2291 1001 2349 et
1031 2285 1227 2369 conjecturas
1262 2284 1491 2371 perpenderem

366 2411 455 2475 aliud
480 2411 559 2498 quid
583 2409 665 2474 mihi
689 2411 722 2472 in
746 2417 887 2474 mentem
911 2410 1009 2474 venit.
1031 2407 1242 2474 Memineram
1267 2411 1492 2476 interamenta

367 2541 438 2625 ejus
472 2539 585 2603 aetatis
616 2537 796 2624 spectacula
827 2537 924 2602 etiam
949 2536 1035 2622 quod
1058 2536 1224 2601 dicebatur
1247 2559 1362 2624 pegma
1382 2538 1491 2602 fuisse.

367 2663 445 2728 Erat
481 2662 628 2728 machina
659 2662 816 2749 quaedam
848 2683 912 2748 qua
942 2661 1028 2726 servi
1052 2661 1085 2725 in
1109 2662 1212 2725 altum
1234 2662 1353 2727 sublati
1375 2663 1490 2728 deinde

366 2789 608 2875 dejiciebantur.
633 2786 705 2862 Qua
727 2789 767 2853 de
793 2809 867 2852 voce
890 2809 963 2851 cum
983 2787 1106 2851 diutius
1126 2788 1297 2873 cogitarem
1311 2789 1490 2876 suspicatus

366 2937 439 2980 sum
473 2937 541 2980 esse
575 2914 764 3001 legendum:
796 2913 914 2978 tabidis
945 2914 1022 2978 seris
1045 2913 1219 2978 vilissimos
1242 2915 1395 3001 senioque
1418 2935 1491 2979 oon·

367 3040 464 3106 lectos
488 3040 689 3125 gladiatores,
711 3039 914 3125 pegmatibus
933 3060 1062 3124 quoque
1074 3044 1179 3125 patres
1191 3038 1388 3103 familiarum
1403 3048 1492 3105 notos

367 3165 421 3230 sed
446 3166 582 3250 insignis
605 3164 771 3230 debilitate
793 3164 903 3250 aliqua
926 3165 1065 3254 corporis
1089 3164 1269 3249 objiciebat.

550 3526 584 3592 0.
620 3527 672 3589 34.
710 3525 759 3590 De
785 3527 877 3611 juris
906 3546 1026 3610 quoque
1048 3525 1205 3609 consultis,
1230 3527 1323 3610 paesi
1345 3527 1491 3590 scientiae

589 3674 693 3718 eorum
725 3675 844 3718 omnem
866 3675 959 3718 usum
982 3653 1164 3734 aboliturus,
1188 3675 1279 3738 saepe
1296 3655 1437 3736 jactavit,
1460 3674 1492 3716 se

588 3780 755 3844 mehercule
789 3783 972 3864 effecturum
1007 3801 1047 3844 ae
1070 3781 1146 3866 quid
1170 3782 1351 3860 respondere
1367 3782 1492 3863 possiet

585 3911 714 3990 praeter
736 3926 815 3970 eum.

412 4189 536 4254 Ultima
578 4190 675 4254 verba
714 4189 973 4274 interpretatores
1007 4187 1217 4253 offenderunt.
1254 4186 1370 4252 Verbis
1405 4187 1491 4274 apud

367 4316 523 4381 Rothium
548 4315 642 4381 editis
664 4314 718 4379 hic
740 4335 852 4379 sensus
875 4314 1017 4379 elicitur:
1042 4336 1076 4379 se
1095 4354 1125 4360 -
1144 4313 1318 4377 Catilinam
1331 4313 1491 4408 facturum

368 4465 408 4508 ne
426 4482 457 4490 -
467 4441 690 4530 J'urisoonsulti
709 4481 740 4489 —
757 4440 947 4527 respondere
969 4441 1109 4527 amplius
1133 4439 1212 4526 quid
1233 4441 1355 4526 possint
1367 4448 1493 4528 practer
