3370 5450
732 687 769 749 71

184 898 345 985 disputata
379 900 520 985 reperi03
553 920 617 985 quo
641 898 733 964 modo
757 898 967 985 explicandus
991 900 1033 964 sit
1057 898 1215 980 dubitant,
1239 920 1310 964 con-

180 1024 321 1109 jectandi
344 1031 411 1090 arte
435 1026 581 1090 nonnulli
605 1026 710 1090 lucem
734 1024 848 1091 afferre
872 1032 1087 1091 tantaverant.
1113 1024 1227 1113 Capite
1251 1025 1309 1091 hoc

186 1149 378 1215 describitur
412 1150 569 1237 quomodo
600 1150 687 1216 Nero
720 1150 753 1214 in
791 1151 903 1216 villam
939 1151 1081 1216 Phaonis
1117 1152 1310 1238 pervenerit.

185 1275 321 1362 Lugenti
333 1276 416 1340 mibi
428 1277 641 1342 narrationem
653 1283 765 1364 sponte
777 1278 846 1343 sins
858 1278 926 1342 ulla
937 1277 1139 1343 dubitatione
1148 1277 1226 1342 haec
1236 1283 1312 1342 nata

185 1409 233 1468 ast
253 1403 357 1489 ipsius
381 1403 428 1468 rei
452 1403 567 1489 imago.
593 1400 676 1468 Oum
701 1402 733 1467 N
734 1424 788 1469 cro
809 1405 969 1490 paucique
981 1406 1052 1490 ejus
1065 1403 1197 1469 comites
1210 1425 1308 1491 prope

187 1529 296 1594 villum
328 1529 500 1611 venissent,
526 1550 545 1593 a
569 1529 622 1594 via
646 1529 776 1616 publica
799 1537 1008 1614 recesserunt,
1032 1530 1148 1596 deinde
1172 1551 1228 1617 per
1252 1531 1307 1595 ba·

186 1654 348 1720 rundineti
371 1656 517 1720 semitam
538 1654 577 1720 ad
596 1677 745 1721 aversum
758 1656 856 1722 villae
868 1657 1024 1743 parietem
1038 1664 1252 1744 pervenerunt
1266 1698 1307 1706 -

187 1801 300 1868 nempe
323 1781 363 1846 ad
386 1804 461 1847 eum
485 1783 543 1868 qui
565 1805 585 1847 a
607 1783 661 1847 via
683 1784 812 1870 publiea
834 1805 965 1849 aversus
989 1775 1074 1868 erat}
1095 1785 1237 1850 sicenim
1252 1807 1308 1871 pro
1333 1755 1334 1758 Ἴ

190 1907 398 1990 „adversum”
418 1930 487 1974 esse
499 1909 670 1995 legendum
682 1910 885 1976 consentiunt
897 1933 949 1977 vv.
962 1910 1013 1978 dd.
1030 1950 1083 1974 -.
1096 1909 1135 1974 In
1148 1911 1310 1996 trajicien·
1361 1973 1363 1978 ,

187 2031 236 2097 dis
266 2033 417 2119 vepribus
448 2039 581 2099 vestem·
600 2036 661 2099 sub
684 2035 820 2122 pedibus
845 2037 959 2102 stravit
984 2059 1024 2102 ne
1048 2036 1189 2102 stimulis
1213 2035 1308 2122 pedes

185 2159 409 2224 lacerarentur.
434 2157 594 2224 Effoditur
616 2160 731 2226 deinde
754 2182 899 2244 caverna,
924 2184 981 2249 per
1004 2183 1102 2248 quam
1127 2161 1213 2226 Nero
1234 2161 1310 2226 sub·

187 2291 236 2350 ter
257 2285 412 2372 parietem
434 2286 517 2350 clam
539 2287 722 2374 quadrupes
746 2289 779 2352 in
802 2288 916 2354 cellam
940 2288 1083 2375 aliquam
1107 2290 1216 2375 repsit.
1241 2288 1310 2352 An·

187 2416 315 2495 tequam
339 2417 446 2476 autem
471 2411 558 2477 Nero
577 2413 611 2475 in
631 2432 799 2478 cavernam
819 2411 982 2478 deseendit
1004 2412 1147 2493 „divolsa
1166 2411 1310 2480 sentibus

188 2538 324 2623 paenula
346 2540 492 2625 trajectos
515 2538 658 2602 surculos
681 2539 789 2602 rasit''.
813 2537 852 2602 In
879 2538 929 2601 bis
953 2538 1310 2624 laborantinterpretes.
1403 2616 1407 2620 p

188 2663 360 2751 Explieant
389 2666 475 2730 enim
506 2663 538 2728 N
540 2686 678 2746 aronam,
711 2671 877 2751 postquam
910 2685 1022 2751 vepres
1053 2665 1166 2746 evasit,
1195 2664 1310 2728 rasisse

188 2792 342 2874 surculos,
378 2793 399 2855 i.
413 2813 441 2855 a.
471 2793 570 2877 juxta
603 2811 656 2855 eos
689 2791 878 2873 cucurrisse,
910 2791 979 2856 sive
1011 2796 1047 2855 ut
1071 2789 1253 2876 perveniret
1277 2788 1310 2851 in

188 2939 355 2983 cavernam
396 2919 464 2983 siva
502 2919 567 2981 alia
601 2917 640 2982 de
675 2937 770 2982 causa
805 2933 942 3004 prorsus*
968 2918 1088 3002 ignota.
1128 2915 1311 3001 „Trajectos

171 3041 351 3110 'surculos’-
387 3045 444 3108 alii
478 3045 572 3108 aliter
602 3045 774 3131 explicant.
799 3043 908 3129 Vulgo
931 3049 1037 3109 tamen
1061 3041 1250 3127 intelligunt
1272 3040 1312 3106 dc

187 3163 335 3234 fruticeto
365 3170 484 3256 aliquo,
515 3169 600 3256 apud
633 3170 819 3256 scriptorem
844 3175 987 3234 nostrum
1012 3188 1075 3232 non
1098 3166 1239 3253 amplius
1263 3167 1312 3231 in·

185 3295 299 3378 dicato,
323 3295 408 3384 quod
432 3295 616 3360 occurrebat
640 3294 762 3359 Neroni
786 3294 989 3360 descendenti
1012 3294 1046 3357 in
1070 3314 1250 3374 cavernam,
1271 3291 1311 3357 da

186 3420 334 3486 fruticeto
355 3420 482 3486 diverso
504 3441 523 3484 a
547 3420 709 3507 vepribus,
734 3421 791 3506 qui
815 3420 1068 3484 antenominati
1092 3425 1177 3484 sunt.

235 3544 387 3628 „Divolsa
420 3547 577 3633 paenula’'
609 3547 811 3632 intelligunt:
843 3567 927 3633 quac
950 3547 1094 3612 sentibus
1117 3551 1185 3612 crat
1209 3544 1281 3631 perf
1299 3581 1312 3594 ·

188 3678 264 3736 rata.
297 3672 460 3750 Quomodo
481 3672 513 3735 id
537 3673 600 3737 sibi
623 3673 731 3737 animo
753 3672 876 3758 fingant
898 3672 982 3758 quod
1007 3672 1093 3738 Nero
1117 3671 1202 3752 fecit,
1227 3677 1311 3757 post-

187 3818 285 3885 quam
316 3820 429 3885 vepres
452 3800 564 3883 evasit,
588 3805 760 3884 antequam
784 3800 817 3862 in
841 3819 1009 3864 cavernam
1032 3797 1205 3879 descendit,
1230 3795 1312 3859 mihi

188 3926 393 4012 perspicuum
428 3946 490 3990 non
523 3934 580 3991 est.
616 3925 731 3991 Nonne
762 3927 862 3990 multo
891 3923 1027 3990 lucidior
1049 3924 1188 3989 narratio
1212 3922 1258 4005 fit,
1283 3924 1312 3987 si

187 4072 287 4138 pauca
310 4051 467 4138 quasdam
491 4052 588 4136 vulgo
611 4052 755 4137 neglecta
778 4051 1020 4116 observaveris?
1045 4048 1132 4115 Nero
1155 4056 1311 4115 straverat

187 4185 319 4243 vestem.
355 4176 518 4244 Straverat
552 4179 673 4243 scilicet
706 4178 886 4264 paenulam.
912 4177 1008 4241 Nunc
1032 4196 1100 4241 eam
1126 4196 1145 4239 a
1168 4175 1312 4240 sentibus

188 4305 314 4370 divellit
336 4311 368 4370 et
390 4305 543 4388 surculos,
566 4305 623 4391 qui
647 4325 704 4391 per
725 4325 796 4368 eam
820 4309 909 4368 erant
930 4302 1064 4388 trajecti,
1085 4300 1168 4364 radit
1190 4340 1230 4348 —
1245 4299 1316 4365 eraf

188 4431 320 4516 strijlrcn
345 4471 397 4494 —.
429 4429 606 4495 Paenulam
636 4451 709 4494 eum
740 4429 890 4494 stravisse
919 4427 1145 4515 potiusquam
1170 4426 1309 4489 tunicam
