3370 5450
524 1034 558 1101 0.
592 1035 642 1100 14.
679 1033 722 1100 Ob
753 1056 841 1119 quae.
865 1035 1032 1115 imperator
1054 1035 1276 1118 cousulmotus,
1300 1034 1411 1099 laureo
1434 1037 1470 1100 iu

573 1159 760 1240 Capitolium
794 1162 869 1242 luo,
904 1161 1027 1226 donum
1059 1163 1218 1246 pemiuum
1252 1162 1373 1246 elausit,
1406 1167 1470 1225 tam

567 1287 655 1352 uallo
678 1308 771 1369 quom
794 1287 919 1352 residuo
943 1287 1026 1353 dello.

387 1533 436 1598 Ea
459 1534 556 1600 verba
580 1534 625 1598 ita
648 1534 875 1619 interpretatus
897 1540 945 1599 ost
969 1531 1187 1599 Oasaubonus.
1213 1532 1375 1598 Punctum
1399 1539 1469 1619 post

351 1662 454 1742 „lata”
480 1661 587 1747 posuit
607 1668 639 1726 et
658 1682 740 1747 quae
752 1661 968 1747 sequebantur
980 1661 1173 1746 explicavit:
1187 1661 1260 1746 plus
1272 1660 1371 1725 semel
1383 1659 1470 1724 Nero

345 1785 466 1850 lanum
502 1786 668 1871 geminum
703 1787 827 1868 elausit,
864 1786 895 1852 a
929 1808 1001 1851 oum
1027 1786 1154 1851 nullum
1178 1785 1299 1851 bollum
1324 1792 1416 1867 esset,
1439 1784 1472 1850 et

346 1933 420 1977 oum
455 1912 620 1977 residuum
654 1912 785 1999 aliquod
819 1918 901 1977 esset
924 1912 1055 1980 bellum.
1080 1913 1217 1998 Legenti
1238 1918 1346 1978 autom
1368 1919 1471 1978 totum

347 2044 443 2125 eaput
466 2029 597 2104 tertium
622 2038 793 2121 decimum,
817 2039 989 2125 praeeipue
1008 2060 1091 2125 quae
1112 2037 1471 2125 proximeanteoedunt‚

346 2164 552 2229 manifestum
593 2165 656 2229 erit
690 2164 773 2228 nihil
807 2164 896 2228 aliud
932 2165 1070 2250 intelligi
1105 2185 1203 2251 quam
1234 2164 1266 2229 N
1268 2185 1396 2230 eronem
1431 2164 1471 2229 ob

347 2289 502 2354 Tiridatis
527 2291 560 2354 in
586 2292 698 2356 urbem
719 2290 893 2356 adventum
910 2291 1078 2376 geminum
1099 2290 1236 2356 Martem
1249 2291 1422 2356 clausisse.
1440 2339 1470 2355 ..

348 2416 465 2482 velutsi
489 2417 616 2480 nullum
641 2417 761 2481 bellum
786 2423 869 2481 esset
893 2416 1069 2482 residuum.

391 2543 482 2608 Inter
504 2527 608 2608 varias
632 2564 714 2629 quae
738 2563 757 2606 a
781 2543 860 2608 viris
884 2542 984 2608 doetis
1007 2543 1244 2608 sommendatae
1267 2549 1341 2608 sunt
1364 2564 1473 2609 emen·

348 2668 490 2734 dationes
514 2669 657 2734 maxime
683 2668 761 2733 mihi
786 2669 948 2755 probatur,
973 2690 1070 2755 quam
1091 2668 1224 2756 Lipsius
1244 2670 1361 2808 simul!
1374 2669 1473 2735 Faer-

348 2816 408 2860 nus
431 2816 468 2860 ae
492 2795 680 2860 Torrentius
703 2795 766 2860 sibi
793 2794 967 2878 vindicant,
996 2796 1181 2881 „geminum
1202 2795 1338 2860 Martem
1359 2795 1475 2860 elausit

349 2928 512 3008 tamquam
537 2920 625 2984 nullo
647 2920 773 2986 residuo
797 2920 889 2988 bello.
915 2921 1135 3008 Transpositio
1158 2922 1365 3009 syllabarum,
1390 2942 1474 3009 quae

349 3048 477 3134 saepius
499 3047 586 3134 apud
609 3046 800 3113 Suetonium
822 3047 1021 3135 corruptelae
1043 3069 1139 3113 eausa
1162 3049 1298 3132 exstitit,
1322 3047 1375 3113 hio
1394 3069 1473 3135 quo·

350 3195 414 3260 que
437 3195 576 3240 errorem
599 3174 734 3260 peperit.

433 3593 435 3598 ·
532 3561 564 3622 0.
598 3558 648 3626 14.
683 3559 870 3624 Consulatus
901 3564 1035 3644 quotuor
1065 3561 1179 3642 pessit:
1197 3559 1334 3639 primum
1359 3559 1476 3624 timeu-

572 3692 676 3769 suen,
707 3686 878 3750 seeundum
907 3691 936 3750 et
966 3685 1167 3750 novissimum
1199 3691 1389 3769 semenstres,
1414 3691 1476 3749 ter-

576 3812 654 3875 tiam
687 3813 987 3898 quadrimeostrem;
1020 3813 1136 3876 medios
1166 3812 1244 3876 duos
1273 3812 1475 3897 continuavit,

572 3940 708 4020 reliquos
730 3941 814 4004 inter
837 3927 953 4004 ooouo
973 3940 1077 4019 spatio
1101 3938 1242 4002 variavit.

397 4189 482 4264 Quid
506 4190 665 4275 signifieat
691 4189 849 4275 „reliquos
870 4190 953 4254 inter
973 4209 1079 4252 annua
1099 4188 1202 4274 spatia
1222 4187 1380 4251 variavit”
1394 4186 1476 4250 mihi

352 4336 414 4379 non
439 4314 550 4401 liquet.
577 4313 657 4388 Quis
681 4321 788 4379 tamen
812 4335 924 4379 sensus
948 4315 1130 4400 requiratur
1152 4336 1194 4378 ex
1220 4314 1309 4377 lastis
1332 4313 1476 4378 oonsula·
1585 4379 1593 4393 ,

353 4441 442 4505 ribus
477 4446 508 4505 et
542 4441 655 4505 ceteris
691 4440 833 4504 fontibus
870 4440 1020 4504 historiae
1044 4439 1230 4506 ostenditur.
1256 4437 1343 4504 Nero
1367 4440 1476 4504 oonsul
