3370 5450
749 699 787 760 31

207 928 283 972 eum
309 947 340 954 —
367 914 492 994 praeter
521 931 565 992 se,
593 909 711 995 ipsum,
735 908 905 975 Gaesarem
926 951 973 994 —,
997 911 1019 978 i.
1033 933 1060 977 e.
1084 911 1273 977 effecturum
1299 920 1336 977 ut

205 1033 240 1095 in
273 1040 436 1120 posterum
471 1035 553 1098 nihil
588 1035 728 1122 amplius
761 1036 972 1122 respondeant
1001 1059 1118 1123 quam:
1142 1039 1188 1103 sio
1212 1037 1330 1105 caesar

207 1159 319 1225 voluit.

248 1285 360 1366 Primo
389 1287 629 1371 advertendum,
654 1291 683 1354 si
706 1312 818 1355 sensus
842 1290 896 1356 hie
919 1291 1116 1375 admittatur,
1142 1293 1234 1359 valde
1260 1316 1333 1381 pro-

204 1410 274 1476 bari
308 1412 474 1497 Rutgersii
510 1416 722 1500 oonJ'eeturam
766 1438 825 1497 ,ne
855 1418 934 1503 qui”
959 1440 1016 1505 pro
1043 1440 1102 1499 ,ne
1124 1418 1234 1503 quid”.
1262 1419 1335 1494 Qua

203 1539 423 1604 emendatione
456 1542 613 1605 sententia
647 1542 748 1608 multo
783 1551 868 1609 oerte
902 1544 1040 1609 lueidior
1075 1545 1157 1609 faeta
1194 1553 1259 1609 est:
1296 1569 1330 1611 se

201 1664 390 1731 effecturum
424 1688 465 1733 na
501 1667 560 1732 ulli
592 1669 624 1733 in
650 1675 813 1754 posterum
838 1692 988 1757 responsa
1012 1671 1123 1736 darent
1146 1677 1272 1758 praeter
1295 1694 1329 1736 se

202 1789 381 1876 Gaesarem,
405 1816 439 1859 se
462 1775 530 1860 esse
554 1816 647 1859 omne
665 1796 731 1881 jus,
752 1795 803 1860 vel
825 1795 1206 1861 utRnhnkeniiafferam
1220 1797 1328 1879 verba,

204 1940 257 2000 ,se
291 1918 491 2003 effecturum,
527 1927 563 1985 ut
597 1942 656 1984 sua
691 1942 853 2007 responsa,
883 1942 947 1986 non
970 1920 1129 2005 IOtoram,
1153 1923 1217 1986 sint
1242 1931 1328 1988 oerta

195 2045 281 2130 juris
305 2045 449 2129 regula'’.

248 2169 353 2235 Verba
374 2178 482 2237 autern
510 2179 654 2258 „praeter
672 2172 769 2236 enm”
793 2193 813 2235 a
832 2173 1029 2255 Burmanno,
1043 2172 1182 2239 Grutero
1195 2184 1226 2241 et
1238 2175 1323 2259 aliis,

199 2304 308 2383 postea
338 2319 357 2361 a
387 2297 537 2380 Graevio,
562 2298 789 2385 Oudendorpio
812 2305 844 2364 et
867 2297 1029 2364 Gronovio
1053 2300 1232 2383 sollicitata,
1257 2309 1325 2365 tan-

198 2421 271 2486 dem
295 2424 384 2488 velut
407 2425 569 2489 immerito
592 2431 748 2511 suspeota,
773 2425 859 2512 apud
886 2425 1043 2490 Rothium
1068 2428 1215 2492 restituta
1238 2436 1339 2529 sunt.¹

198 2547 378 2615 Clementia
412 2556 519 2615 tamen
555 2572 635 2637 opus
671 2556 719 2615 est
753 2550 793 2613 ad
825 2572 862 2616 ea
892 2551 982 2616 velut
1004 2553 1134 2616 omnino
1157 2555 1326 2639 perspicua

196 2676 266 2741 sine
289 2676 356 2740 ulla
378 2676 578 2741 dubitatione
600 2675 854 2740 transmittenda.

241 2802 453 2890 Perspiouum
477 2803 565 2868 enim
592 2809 640 2868 est
662 2824 718 2888 pro
747 2801 862 2883 „eum”
887 2801 972 2888 quod
994 2801 1033 2866 ad
1047 2800 1324 2870 Gaesaremrefer·

194 2935 258 3013 tur,
293 2951 362 2995 esse
396 2929 566 3015 legendum
603 2931 687 3009 „se'’.
720 2928 915 3014 Rutgersius
939 2927 1010 2993 ideo
1034 2930 1118 2994 inter
1140 2930 1204 2994 alie
1227 2953 1320 2996 oona-

193 3057 283 3120 mina
305 3058 403 3123 etiam
426 3056 485 3121 hoe
509 3056 674 3142 proposuit
699 3077 758 3136 „ne
777 3055 836 3141 qui
855 3053 1045 3140 respondere
1062 3055 1185 3140 possint
1197 3064 1323 3141 praeter

193 3183 259 3248 se”.
291 3181 396 3257 Quam
425 3182 605 3265 lectionem,
629 3182 658 3246 si
680 3183 819 3267 alicujus
842 3180 918 3246 libri
942 3181 1130 3245 auctoritate
1153 3182 1320 3266 niteretur,

192 3330 287 3374 nemo
328 3308 468 3395 profecto
501 3307 671 3373 admittere
706 3306 877 3373 dubitaret.
913 3305 945 3369 N
948 3327 1010 3370 une
1045 3305 1079 3368 in
1114 3306 1178 3370 alia
1213 3308 1321 3371 omnia

191 3435 296 3500 oritioi
319 3435 477 3516 abierunt,
502 3456 559 3520 pro
582 3433 698 3516 ,enm”
718 3432 887 3498 afferentes
902 3433 1083 3518 „aequum”
1097 3434 1149 3497 vel
1165 3435 1317 3514 „verum”

190 3561 245 3626 vel
266 3561 355 3625 aliud
378 3562 466 3648 quid.
491 3561 580 3628 Inter
603 3581 686 3647 quae
709 3559 749 3624 ad
773 3560 872 3626 rerba
891 3559 1008 3624 tradita
1028 3560 1175 3646 proxime
1197 3561 1319 3625 aooedit

189 3688 276 3775 quod
310 3688 394 3754 idem
425 3688 620 3773 Rutgersius
643 3686 802 3752 defendit:
831 3691 976 3772 „praeter
1001 3689 1125 3750 reum'’.
1150 3685 1189 3750 [n
1213 3695 1317 3773 poste·

191 3835 264 3878 rum
295 3814 554 3879 cavillationibus
584 3833 647 3878 non
671 3812 811 3898 amplius
835 3811 922 3876 loeus
947 3812 1018 3875 erit.
1043 3810 1105 3876 Rei
1129 3817 1252 3875 tantum
1277 3811 1317 3874 ad

187 3942 326 4007 erimina
348 3939 595 4028 respondebunt.

235 4066 342 4132 Doneo
365 4067 467 4153 igitur
489 4065 603 4131 melior
625 4064 757 4129 fortasse
780 4063 881 4128 oodex
905 4063 1095 4150 reperiatur,
1118 4084 1183 4149 quo
1203 4067 1317 4150 genui·

185 4213 251 4256 nus
285 4191 454 4257 verborum
491 4197 600 4256 textus
635 4191 705 4254 sine
737 4188 804 4253 ullo
834 4187 933 4253 dubio
955 4189 1085 4253 restitui
1109 4191 1217 4275 possit,
1241 4212 1315 4255 oum

185 4317 361 4402 Rntgersio
392 4316 564 4402 legendum
589 4336 717 4380 oenseo:
741 4335 775 4379 se
800 4313 982 4379 meheroule
1006 4313 1194 4380 effecturum
1217 4318 1316 4403 nequi

185 4442 379 4529 respondere
402 4444 527 4530 possint
550 4448 675 4530 praeter
698 4462 800 4505 reum.
