3370 5450
599 693 768 755 '65

398 907 465 969 sice
489 905 645 989 probabili
674 925 771 969 cousc
792 926 824 970 eo
847 908 970 970 comice
994 912 1103 990 esseut,
1128 927 1188 991 quo
1214 907 1295 989 fuis-

277 1065 278 1068 *
399 1037 468 1096 seut
490 1031 572 1096 ullae
596 1031 739 1114 familior
762 1053 840 1117 quos
863 1033 928 1113 ipse
950 1033 1148 1116 cootiopcrel.

216 1278 309 1354 'Quid
333 1277 388 1344 his
408 1279 515 1344 verbis
538 1280 737 1365 significetur
759 1280 901 1345 breviter
923 1250 1064 1344 indicere
1086 1281 1190 1347 liceat.
1215 1281 1302 1346 Nero

178 1406 290 1470 statuit
320 1426 376 1492 pro
408 1405 540 1470 semisse
570 1405 754 1472 dextantem
788 1427 856 1471 esse
885 1407 948 1471 sibi
972 1407 1148 1492 cogendam
1170 1407 1302 1472 ebonis

178 1531 376 1613 libertorum,
407 1531 465 1616 qui
495 1531 564 1595 sine
594 1503 684 1616 justu
706 1552 801 1596 causa
824 1533 997 1617 gessissent
1021 1553 1136 1598 nomen
1160 1534 1303 1599 familiae

176 1657 315 1745 alicujus
348 1658 411 1722 sibi
445 1663 605 1743 cognatae.
642 1656 747 1722 Nemo
776 1664 813 1722 ut
844 1659 957 1744 opinor
992 1660 1090 1725 verbs
1124 1660 1180 1725 illa
1210 1661 1304 1725 aliter
1338 1700 1341 1706 ·

177 1784 363 1872 explicavit.
407 1783 494 1871 Illud
536 1783 575 1848 de
610 1783 708 1870 hujus
742 1784 803 1849 loci
838 1805 944 1868 sensu,
981 1784 1020 1850 de
1055 1785 1191 1850 lectione
1233 1786 1303 1872 ipsa

176 1932 240 1974 non
275 1910 320 1973 its
354 1909 566 1974 consentiunt.
603 1907 686 1974 (ium
721 1915 829 1974 autem
866 1910 929 1974 viri
961 1909 1045 1975 docti
1070 1911 1103 1974 in
1127 1917 1220 1976 textu
1244 1910 1304 1977 hoc

178 2010 344 2102 statuendo
377 2037 435 2100 elii
469 2037 502 2101 in
535 2037 615 2100 alias
649 2043 755 2123 partes
792 2036 999 2119 discederent,
1033 2039 1166 2125 plurimi
1197 2046 1302 2105 tamen

178 2164 391 2248 conjecturam
427 2159 608 2227 Oossuboni
639 2165 863 2228 commutantis
899 2165 1043 2245 „essent”
1068 2172 1100 2230 et
1126 2165 1303 2246 „luissent”

169 2311 236 2375 pro
258 2295 343 2354 certa
366 2289 520 2354 hebentes
543 2290 576 2352 in
600 2295 727 2354 textum
748 2297 945 2380 receperunt.
967 2290 1107 2375 Etenim,
1129 2314 1203 2357 cum
1215 2292 1303 2358 Nero

177 2437 297 2480 novum
329 2414 411 2479 illud
441 2413 582 2480 edictum
606 2415 705 2498 daret,
730 2415 873 2481 familiae
896 2416 971 2481 illae
995 2416 1034 2481 de
1056 2418 1176 2504 quibus
1198 2440 1302 2484 sermo

177 2547 227 2606 est
251 2547 342 2605 ersnt
364 2530 479 2623 adhuc,
503 2541 648 2606 libertini
672 2542 730 2628 qui
753 2562 863 2606 esrum
886 2543 1017 2606 nomina
1038 2549 1304 2628 gesserenterant

177 2669 307 2736 mortui.

223 2794 394 2861 Difficilior
421 2800 468 2860 est
491 2793 666 2880 disputatio
689 2794 728 2860 ds
752 2795 792 2858 iis
816 2815 900 2880 quae
923 2794 1131 2860 antecedunt:
1156 2797 1187 2861 si
1210 2815 1301 2881 coge-

177 2928 266 2988 retur
289 2923 435 3009 qui....
459 2921 625 3008 Imprimis
649 2921 813 2986 insolitum
838 2928 886 2986 est
912 2921 982 3002 „ei”
1007 2943 1064 3008 pro
1091 2921 1301 3006 ,sibi'';licst

177 3047 265 3113 enim
296 3047 426 3132 regulae
459 3046 498 3112 de
529 3046 686 3112 reflexivo
715 3067 777 3111 uon
809 3047 854 3110 its
877 3067 1007 3111 severae
1031 3047 1096 3110 sint
1118 3054 1155 3110 ut
1176 3047 1299 3111 nullum

176 3173 399 3260 exceptionem
431 3172 611 3260 admittant,
639 3180 746 3238 tamen
769 3173 872 3238 omnis
895 3173 1043 3260 exceptio
1065 3173 1208 3260 aliquam
1231 3194 1300 3238 sus·

178 3299 336 3386 picionsm
361 3305 477 3365 movet.
503 3341 505 3345 -

221 3423 306 3489 Dein
341 3424 512 3491 relativum
552 3424 650 3510 „qui”
686 3445 705 3488 a
736 3424 984 3490 demonstrativo
1006 3446 1063 3490 suo
1090 3426 1297 3506 ,libertorum

177 3549 421 3615 defunctorum''
445 3551 542 3614 nimis
566 3556 613 3616 est
637 3558 805 3616 remotum.
829 3547 962 3616 Oodices
985 3557 1103 3634 sutem,
1124 3552 1185 3617 etsi
1197 3553 1299 3616 mirus

176 3680 226 3740 est
248 3697 359 3740 eorum
378 3676 412 3739 in
436 3674 496 3741 hoc
515 3676 583 3742 loco
594 3675 745 3741 tradendo
757 3698 938 3762 consensus,
952 3699 1014 3743 non
1026 3685 1133 3743 tamon
1145 3677 1184 3742 ad
1197 3699 1298 3742 unum

106 3888 108 3892 .
177 3819 292 3868 omnes¹
310 3803 421 3870 ecdem
444 3802 572 3870 habent.
596 3802 635 3866 In
658 3799 929 3868 Oorsendonoensi
952 3803 1038 3868 enim
1050 3802 1187 3888 legitur:
1200 3802 1229 3866 si
1240 3802 1298 3888 qui

177 3929 248 3995 sins
271 3929 430 4017 probabili
449 3934 508 3994 stc.
522 3977 530 3992 .
544 3980 551 3995 .
566 3978 574 4011 ,
595 3950 637 3994 ex
650 3949 714 4015 quo
726 3927 858 4016 Lipsius
870 3929 978 3993 omnic
989 3928 1087 3992 simul
1099 3926 1299 3992 incommoda

69 4123 71 4140 ,
175 4056 290 4122 tollens
325 4055 506 4143 proposuit:
543 4053 630 4119 Ante
664 4055 771 4119 omnis
807 4054 958 4135 instituit,
994 4060 1030 4119 ut
1063 4075 1081 4118 e
1110 4052 1298 4118 libertorum

176 4182 398 4248 defunctorum
433 4181 525 4246 bonis
561 4203 617 4268 pro
650 4181 781 4245 semisse
817 4180 952 4244 dextsus
983 4185 1158 4266 cogeretur,
1190 4178 1299 4265 siqui

176 4309 246 4373 sine
280 4308 438 4395 probabili
472 4328 567 4372 causa
599 4329 636 4372 eo
667 4306 796 4372 nomine
827 4307 974 4384 fuissent,
998 4326 1062 4391 quo
1086 4311 1190 4370 essent
1214 4294 1322 4369 ullce¹

178 4433 321 4497 familiae
345 4454 425 4520 quas
444 4433 513 4520 ipse
536 4432 743 4516 contingeret.

1183 4543 1199 4591 5
