3370 5450
761 719 803 801 149

228 954 361 1020 persona
395 933 589 1018 designetur.
617 908 751 997 'Deinde
786 933 962 1018 requiritur
995 933 1124 1019 aliquod
1148 932 1349 1016 adverbium,

229 1083 294 1146 quo
326 1060 529 1146 exprimatur
559 1080 620 1124 non
646 1079 774 1144 semper
796 1058 851 1123 sed
874 1058 1001 1144 quando
1024 1059 1128 1124 stabat
1152 1060 1203 1125 vel
1226 1057 1358 1126 sedebat

230 1183 366 1250 Claudio
399 1186 620 1250 auctoritatem
654 1192 686 1249 et
709 1184 898 1270 dignitatem
925 1183 1044 1250 formae
1069 1186 1178 1250 fuisse.
1203 1183 1357 1272 Sequitur

230 1313 335 1376 enim:
366 1318 507 1378 ceterum
538 1318 570 1376 et
593 1311 826 1396 ingredientem
851 1311 1068 1376 destituebant
1090 1313 1226 1399 poplites
1250 1313 1357 1377 minue

231 1437 318 1502 firmi
352 1444 410 1505 eto.
447 1427 630 1524 Utrumque
662 1444 768 1502 autem
803 1438 948 1522 attigisse
972 1438 1054 1501 mihi
1077 1438 1207 1504 videtur
1228 1437 1358 1504 Ouden-

231 1564 373 1651 dorpius,
397 1565 520 1654 quiex
545 1564 652 1629 verbis
679 1570 730 1646 „et
753 1564 920 1629 veterum”
946 1605 986 1612 —
1015 1571 1049 1630 et
1067 1565 1166 1630 veteri
1187 1605 1227 1612 —
1250 1565 1360 1650 legeu-

236 1691 313 1755 dum
344 1691 509 1784 proposuit
539 1691 587 1772 ,ei
612 1691 757 1757 verum2'.
781 1689 896 1776 Itaque
920 1697 985 1756 tota
1009 1692 1167 1756 sententia
1189 1693 1235 1756 sie
1260 1713 1360 1756 enun-

235 1817 351 1881 tietur:
384 1816 567 1900 Auctoritas
599 1816 803 1902 dignitasque
834 1816 955 1883 formae
979 1838 1040 1881 non
1065 1816 1168 1881 defuit
1191 1819 1222 1882 ei
1246 1838 1359 1882 verum

237 1942 335 2006 stanti
358 1942 409 2008 vel
432 1941 555 2007 sedenti
580 1947 639 2009 eto.

419 2215 452 2282 C.
489 2216 542 2282 42.
581 2217 721 2297 Quarum
755 2236 850 2279 causo
880 2217 975 2280 ueteri
1005 2217 1221 2282 Aleaaodriae
1255 2218 1362 2282 Musio

409 2382 411 2387 ·
464 2343 606 2406 additam
630 2365 668 2407 ea
691 2343 790 2421 ipsius
812 2343 944 2406 nomiae.

283 2576 359 2643 Post
398 2577 544 2659 „Musio”
579 2577 739 2643 excidisse
772 2578 916 2660 verbum,
941 2599 1004 2664 quo
1028 2600 1135 2644 reeens
1161 2585 1360 2644 exstructum

240 2704 389 2770 Mueeum
421 2705 589 2787 indicetur,
614 2704 760 2792 plerique
783 2704 995 2770 erediderunt.
1021 2707 1227 2772 Oasaubonue
1253 2729 1361 2771 vocem

242 2830 418 2911 „alterum”
455 2832 655 2917 interposuit,
691 2830 938 2917 Oudendorpius
976 2831 1162 2913 „Mutrium”
1196 2833 1357 2919 repetivit.

174 2938 176 2942 ¹
238 2954 306 3021 Our
324 2978 386 3022 non
399 2958 485 3043 legas
502 2956 672 3038 ,novum’',
686 2977 769 3042 quae
781 2978 845 3022 vox
858 2963 932 3042 apte
943 2959 983 3037 τῷ
1001 2959 1143 3038 „veteri”
1156 2959 1359 3044 opponatur?

412 3231 497 3295 Nero
524 3230 558 3297 0.
584 3231 614 3294 2.
643 3231 767 3314 Atooas¹
785 3233 851 3312 ejus
878 3230 935 3297 Cu.
962 3231 1120 3296 Domitios
1144 3233 1364 3296 retraetata

450 3358 652 3441 pontificibus
686 3359 846 3442 offensior,
882 3359 965 3442 quod
998 3359 1097 3422 altum
1133 3379 1227 3443 quom
1262 3379 1293 3422 se
1326 3359 1358 3421 io

453 3484 561 3564 patris
591 3485 643 3548 sai
673 3483 772 3548 torum
794 3489 997 3569 cooptassent,
1014 3484 1071 3565 jus
1093 3485 1286 3549 aetermam
1309 3505 1360 3548 su·

461 3611 692 3695 bropaadoram
728 3632 748 3674 a
782 3610 914 3692 collegiis
943 3610 987 3673 ad
1012 3611 1163 3694 populum
1188 3611 1361 3692 transtulit,

457 3741 492 3800 ot
526 3736 557 3798 to
593 3735 758 3798 consulatu
789 3734 1005 3816 Allobroptbus
1040 3736 1253 3820 Arvernisque
1274 3755 1361 3814 supe-

459 3863 548 3944 ratis,
572 3860 733 3944 elephanto
751 3881 811 3944 per·
831 3861 1025 3940 provinciam
1048 3867 1150 3925 uectus
1174 3868 1218 3924 est
1238 3866 1294 3926 ete.

280 4095 377 4161 Facta
412 4116 495 4182 quae
527 4095 587 4161 boe
620 4095 688 4161 loeo
723 4101 952 4160 enumerantur
985 4116 1047 4160 non
1078 4100 1153 4159 suut
1183 4080 1286 4159 unius*
1304 4094 1359 4158 sed

236 4223 373 4288 duorum
404 4245 421 4287 e
452 4228 547 4307 gente
570 4222 723 4288 Domitia.
748 4221 852 4304 Alter,
875 4221 1039 4286 Domitius
1062 4227 1161 4307 pater,
1185 4224 1218 4284 a⁰
1245 4221 1307 4284 122
1331 4240 1359 4286 a.

236 4348 312 4413 Ohr.
342 4349 421 4415 vioit
451 4349 652 4436 Allobrogas,
684 4349 773 4430 alter,
799 4348 962 4413 Domitius
986 4347 1083 4429 filius,
1107 4354 1142 4410 a⁰
1167 4347 1230 4412 104
1252 4347 1357 4432 legem
1457 4369 1463 4380 ·

237 4475 414 4540 Domitiam
438 4475 477 4540 de
500 4474 716 4540 sacerdotibus
738 4474 835 4540 tulit..
849 4473 958 4560 Atque
985 4475 1038 4561 „in
1062 4474 1148 4538 huno
1168 4473 1254 4538 dixit
1273 4473 1359 4538 Liei·

1245 4599 1261 4648 4
