3370 5450
772 693 811 752 37

231 911 346 970 mente.
395 904 484 978 Quae
519 910 625 969 autem
661 901 909 988 Oudendorpius
944 901 1053 965 attulit
1087 901 1236 987 exempla
1272 924 1302 966 v.
1322 922 1353 986 g.

230 1030 262 1094 N
264 1053 318 1096 ero
351 1053 377 1095 c.
414 1032 456 1094 35
491 1051 632 1112 „veneno
661 1029 816 1112 tentare”,
841 1029 976 1114 probant
998 1049 1074 1092 sane
1097 1028 1353 1114 conjunctionem

229 1157 399 1222 verborum
427 1157 573 1243 „potione
600 1156 743 1222 tentare”
768 1156 890 1220 licitam
915 1176 1001 1238 asse3
1022 1161 1055 1219 at
1075 1161 1198 1219 tentare
1209 1153 1351 1238 aliquem

229 1282 422 1368 potione...
450 1282 604 1346 amatorio
626 1281 859 1346 medicamento
882 1299 944 1345 non
969 1280 1072 1366 magis
1095 1279 1212 1344 Latine
1235 1279 1354 1343 dicitur

228 1429 325 1494 qnam
349 1415 515 1494 percutere
537 1407 680 1494 aliquem
704 1408 767 1472 telo
790 1407 897 1493 gladio
920 1413 1022 1472 acute.

274 1534 395 1608 Quidni
429 1537 533 1621 legas:
568 1533 738 1617 „Creditur
771 1541 911 1600 tentatus
947 1555 966 1598 a
1000 1532 1156 1599 Caesonia
1184 1555 1286 1599 uxore
1301 1583 1308 1597 .
1323 1582 1352 1597 ..

226 1662 380 1727 amatorio
413 1661 544 1747 quidem
580 1661 833 1726 medicament0'’
868 1663 951 1727 ete?
975 1662 1144 1726 Librarius
1168 1661 1352 1748 posterioris

227 1788 310 1869 aevi,
347 1787 480 1851 haerens
514 1788 548 1850 in
581 1809 656 1852 voce
684 1789 864 1868 „tentatus”
889 1809 971 1875 quae
995 1789 1026 1852 ei
1049 1786 1218 1851 videbatur
1240 1785 1350 1851 eodem

228 1934 324 1978 sensu
359 1934 422 1999 quo
460 1913 593 1999 „potus”
629 1918 792 2000 usurpata,
828 1935 885 2000 pro
920 1914 1100 1995 „tentatus”
1132 1913 1260 1999 scripsit
1289 1911 1351 1976 for·

229 2046 312 2105 tasse
338 2039 571 2126 „potionatus”.

405 2323 439 2391 O.
469 2326 521 2388 58.
553 2325 621 2390 Atti
645 2324 809 2407 Sotium,
833 2331 983 2389 summoto
1004 2345 1062 2404 par
1087 2326 1224 2388 conscios
1247 2330 1349 2389 ceatu-

446 2454 547 2516 rtoacs
571 2452 673 2534 turbo,
696 2453 821 2534 emaum
842 2473 925 2516 mora
944 2456 1066 2536 peltana,
1090 2457 1119 2515 et
1141 2451 1223 2534 Gojo
1243 2451 1351 2516 Joocm

446 2577 550 2661 docte,
577 2577 744 2643 Chaeream
768 2578 972 2643 eactomoase:
994 2577 1106 2657 Accipe
1128 2584 1245 2642 rotam.

269 2809 385 2874 Exstat
415 2810 515 2898 hujus
546 2811 607 2877 loci
639 2812 829 2894 emendatio,
854 2829 936 2897 quae
958 2834 977 2876 a
1000 2811 1119 2876 Rothio
1141 2817 1190 2876 est
1211 2833 1349 2876 comme·

224 2943 354 3018 morata,
395 2939 522 3024 „accipe
556 2939 707 3005 iratum’'.
751 2938 883 3025 Lipsius
918 2939 951 3002 id
987 2939 1160 3026 proposuit.
1196 2938 1350 3025 Plerique

224 3067 330 3127 tamen
361 3084 488 3129 servare
515 3065 645 3130 student
679 3065 825 3146 „ratum”
858 3064 1007 3151 nihilque
1030 3065 1063 3128 in
1087 3085 1125 3129 ea
1148 3085 1224 3129 voce
1247 3064 1350 3128 ambi·
1401 3137 1403 3142 ,

221 3189 357 3274 guitatis
376 3190 480 3255 inesse
504 3190 684 3277 perhibent.
709 3189 746 3253 In
771 3190 962 3277 explicando
986 3212 1060 3255 vero
1084 3191 1168 3254 inter
1192 3211 1226 3254 se
1250 3211 1347 3275 qnam
1382 3255 1385 3258 ,

222 3314 409 3399 longissime
439 3315 569 3382 distant.
601 3316 698 3380 Alius
732 3316 878 3397 „ratum”
903 3315 1021 3401 accipit
1042 3337 1100 3402 pro
1124 3336 1198 3380 voce
1221 3315 1344 3400 gladia-

221 3448 337 3526 torum,
373 3443 430 3528 qni
466 3464 538 3507 cum
575 3442 764 3508 dimicantes
798 3442 881 3507 ferro
905 3447 1107 3528 percuterent
1133 3441 1278 3523 „ratum”
1303 3462 1346 3505 sc.

222 3567 322 3630 ictum
353 3567 535 3632 clamarent.
561 3568 658 3632 Alius
683 3588 791 3632 vocem
815 3567 935 3632 ironice
958 3566 1074 3630 sumit:
1100 3566 1209 3653 accipe
1233 3588 1345 3631 verum

220 3691 347 3776 Jovem,
382 3715 424 3758 sc.
459 3715 523 3778 quo
557 3699 593 3757 tu
628 3693 746 3778 dignus
777 3714 821 3757 es.
847 3691 1005 3756 Nonnulli
1030 3692 1212 3778 explicant:
1237 3693 1346 3778 accipe

222 3827 326 3883 ratum
352 3819 384 3883 id
408 3819 493 3906 quod
516 3819 645 3902 libido,
670 3825 814 3884 mortem.
840 3819 910 3882 Alii
929 3819 1032 3883 aliter.
1052 3818 1091 3882 In
1103 3825 1191 3885 tanta
1203 3819 1346 3885 virorum

221 3945 384 4010 doctorum
411 3945 449 4010 de
473 3967 568 4011 sensu
593 3946 684 4011 verbi
708 3946 866 4011 discordia
890 3967 951 4010 non
977 3952 1096 4010 temere
1120 3945 1232 4011 fecisse
1257 3946 1345 4012 vide-

221 4079 276 4136 tur
298 4073 354 4158 qui
380 4073 512 4137 verbum
541 4074 687 4155 „ratum”
711 4094 806 4137 sensu
830 4072 923 4138 valde
943 4073 1096 4158 ambiguo
1117 4073 1257 4159 positum
1278 4095 1347 4138 esse

220 4197 398 4262 contendat.
423 4197 583 4283 Equidem
609 4199 730 4262 nullam
755 4198 1032 4284 significationem,
1055 4199 1108 4262 cui
1129 4199 1345 4284 pleneadsen-

220 4324 293 4405 tier,
329 4324 361 4386 in
397 4345 433 4388 eo
465 4325 609 4389 invenire
633 4347 772 4410 possum.
799 4322 931 4388 Codices
954 4330 1072 4406 autem,
1098 4346 1171 4388 cum
1198 4324 1344 4410 plerique

223 4450 371 4530 „ratum”
398 4449 546 4533 habeant,
571 4473 631 4516 non
656 4459 761 4516 tamen
786 4452 915 4515 omnino
938 4452 1150 4515 consentiunt.
1175 4451 1345 4517 Palatinus
