3370 5450
896 705 937 767 52

347 917 525 982 Domitium
561 917 724 1004 potuerit?
760 914 827 982 Orrr
862 938 976 982 nomen
1000 917 1115 981 sororis
1138 937 1198 980 non
1223 915 1369 998 addatur,
1394 937 1466 980 oum

347 1044 431 1108 inira
453 1065 540 1109 soror
562 1044 662 1108 altera
686 1043 809 1130 Lepida
833 1044 962 1108 nomine
986 1042 1170 1108 indicetur?

391 1169 579 1234 Ridiculum
611 1170 707 1234 etiam
740 1169 867 1234 videtur
894 1168 1074 1233 Domitium
1099 1168 1190 1254 prius
1214 1168 1392 1252 aurigarios
1417 1167 1470 1232 de·

346 1267 529 1379 fraudasse,¹
544 1275 617 1360 dein
642 1295 788 1360 sanxisse
811 1293 1075 1380 repraesentanda
1096 1295 1238 1380 praemia
1250 1294 1283 1356 in
1297 1300 1468 1380 posterum.

346 1421 436 1496 Quae
460 1422 659 1487 inoommoda
683 1422 812 1486 omnino
836 1421 905 1486 tolli
929 1419 1011 1483 mihi
1037 1419 1187 1485 videntur
1209 1421 1238 1483 si
1257 1419 1372 1505 legeris
1385 1419 1469 1505 quod

347 1551 379 1612 in
414 1548 521 1614 oodioe
555 1548 743 1613 Ursiniano¹
764 1548 916 1612 habetur:
952 1553 1078 1611 notatus
1101 1547 1141 1611 ob
1166 1546 1243 1611 haee
1267 1553 1299 1611 et
1323 1543 1469 1610 Caesaris

342 1677 424 1762 joco,
448 1676 507 1762 qui
530 1676 739 1762 querentibus
762 1674 900 1739 dominis
923 1675 1096 1738 factionum
1122 1671 1387 1760 repraesentanda
1410 1679 1468 1737 eto.

389 1803 568 1889 Imperator
601 1824 677 1888 ergo
710 1803 833 1866 faoetiis
865 1801 1044 1866 Domitium
1070 1797 1186 1886 petivit
1208 1803 1342 1886 ejusque
1366 1800 1469 1864 avari·

345 1930 423 1993 tiam
448 1929 571 1992 notavit
594 1935 626 1993 et
648 1929 758 1992 sanxit
781 1936 831 1993 eto
833 1976 928 1991 .....

390 2054 481 2129 Quod
505 2061 613 2120 autem
636 2055 788 2142 objicitur
812 2075 926 2120 nomen
951 2050 1096 2119 Caesaris
1119 2053 1178 2118 hoo
1201 2054 1268 2118 looo
1288 2051 1385 2115 nimis
1398 2051 1468 2116 vul-

344 2202 420 2267 gare
454 2203 522 2246 esse
556 2203 613 2268 pro
653 2181 856 2263 „Tiberius''‚
892 2201 955 2266 quo
986 2181 1131 2266 principe
1156 2178 1319 2243 Domitius
1343 2185 1468 2265 praetor

307 2387 308 2392 ἵ
344 2307 407 2371 luit
441 2307 600 2372 refellitur
632 2329 670 2372 eo
701 2306 786 2393 quod
811 2327 924 2371 nomen
949 2304 1094 2371 Caesaris
1118 2305 1171 2370 hio
1195 2304 1388 2389 intelligitur
1412 2326 1467 2390 pro

243 2509 246 2514 Ι
346 2454 421 2497 voce
445 2431 652 2520 Imperatoris
677 2433 728 2498 vel
751 2433 916 2518 principis,
940 2433 997 2518 qui
1020 2453 1134 2497 sensus
1154 2430 1240 2517 apud
1263 2430 1395 2494 Latinos
1419 2437 1466 2493 est

344 2556 435 2623 valde
460 2559 605 2622 usitatus.
632 2555 753 2623 Oenseo
777 2558 878 2643 igitur
902 2558 1069 2623 leotionem
1089 2555 1467 2621 oodioisUrsinianiesse

306 2749 309 2755 ,
342 2684 581 2750 admittendam.

522 3020 556 3086 0.
595 3021 645 3086 10.
683 3021 786 3104 Atque
820 3025 856 3082 eet
886 3021 1042 3083 certiorem
1073 3018 1174 3082 erlbac
1206 3011 1335 3082 indolem
1371 3023 1465 3080 ostea-

563 3149 647 3212 deret
660 3194 667 3209 .
682 3194 689 3210 .
704 3194 733 3209 ..

385 3443 438 3507 Ex
474 3444 583 3525 variis,
618 3464 697 3530 quas
732 3443 854 3509 eodioes
886 3443 1048 3529 praebent,
1073 3442 1275 3524 lectionibus,
1299 3463 1372 3506 oum
1397 3441 1461 3527 ple-

343 3572 435 3656 rique
466 3570 604 3634 habeant
639 3570 862 3654 „oertionem'’,
895 3592 977 3634 unus
1013 3569 1224 3651 „mitiorem”,
1256 3569 1337 3633 alter
1363 3568 1464 3656 „inte-

341 3682 489 3779 riorem”‚
525 3696 641 3760 ultima
672 3698 712 3762 ab
743 3696 919 3762 editoribus
951 3696 1073 3760 eunetis
1097 3695 1242 3782 rejicitur
1265 3715 1369 3780 neque
1393 3715 1462 3758 eam

301 3815 302 3819 ¹
343 3843 450 3888 vooem
474 3824 508 3887 in
532 3822 617 3887 huno
640 3829 826 3888 contextum
849 3823 1005 3909 quadrare
1030 3822 1236 3909 perspicuum
1261 3829 1317 3886 est.

388 3947 605 4029 „Certiorem”
638 3949 679 4013 ab
708 3948 882 4014 editoribus
907 3949 1003 4034 vulgo
1026 3955 1058 4012 et
1079 3949 1176 4012 etiam
1201 3970 1219 4012 a
1242 3947 1361 4013 Rotbio
1385 3949 1464 4012 reoi-

339 4074 438 4160 pitur.
462 4074 622 4161 Equidem
647 4075 787 4160 ingenue
811 4075 911 4140 fateor
935 4095 986 4139 me
1004 4075 1080 4139 huie
1102 4076 1338 4140 verbosensum
1353 4082 1464 4160 aptum

339 4207 531 4286 extorquere
565 4221 626 4265 non
662 4202 813 4286 potuisse.
850 4199 1026 4285 Postquam
1058 4199 1090 4263 N
1092 4221 1145 4264 ero
1170 4201 1299 4287 pietatis
1323 4200 1463 4286 insignia

340 4324 528 4390 documenta
562 4324 649 4390 dedit
683 4346 759 4410 erga
791 4331 914 4412 patrem
939 4333 970 4391 et
993 4332 1138 4409 matrem,
1163 4327 1260 4391 etiam
1286 4327 1462 4409 liberalem,

337 4451 524 4515 elementem
544 4457 577 4514 et
599 4471 720 4515 comem
745 4474 779 4516 so
802 4452 973 4537 praestitit.
998 4451 1105 4526 Quare
1129 4453 1262 4517 autem?
1286 4451 1331 4518 Ut
1351 4453 1463 4518 sertio·
