3370 5450
887 653 927 714 48

385 863 456 930 Aut
478 865 594 930 Latine
617 863 752 929 dicitur:
777 886 811 929 se
833 883 929 950 agere
955 885 1011 951 pro
1035 865 1180 951 principe
1205 870 1264 930 etc.
1287 863 1379 928 utin
1398 863 1467 928 vita

344 988 472 1056 Olaudii
508 1011 534 1056 c.
567 990 609 1053 25
644 989 857 1072 „Libertinos
890 989 947 1076 qui
980 1011 1014 1055 se
1046 1011 1103 1076 pro
1128 989 1293 1075 equitibus
1316 988 1472 1054 Romanis

347 1113 515 1199 agerent.''

389 1240 428 1306 Id
459 1244 527 1328 jam
562 1243 663 1306 multa
696 1242 823 1307 saecula
857 1241 975 1306 abhinc
1005 1263 1025 1306 a
1057 1241 1197 1308 Graevio
1222 1249 1253 1308 et
1277 1242 1350 1306 aliis
1374 1240 1475 1306 doctis

345 1369 424 1433 viris
447 1368 651 1432 observatum
675 1375 707 1433 et
729 1337 914 1432 adnotatum
940 1375 1016 1434 erat.
1041 1368 1165 1434 Lexica
1190 1389 1318 1455 quoque
1339 1367 1380 1432 ad
1403 1389 1474 1431 eam

344 1494 511 1559 lectionem
536 1493 766 1559 defendendam
790 1495 915 1580 copiam
941 1501 1202 1580 argumentorum
1230 1494 1424 1560 ministrant.

390 1620 524 1685 Locutio
549 1620 626 1686 haec
650 1621 700 1686 vel
725 1621 889 1686 translatio
912 1627 960 1687 est
982 1620 1151 1708 desumpta
1175 1642 1216 1686 ex
1240 1628 1307 1686 arte
1332 1623 1475 1704 scenica3

347 1752 384 1809 ut
417 1751 503 1810 actor
538 1746 726 1832 principem,
761 1768 889 1811 servum
926 1767 1021 1832 agere
1056 1745 1184 1828 dieitur,
1216 1747 1261 1811 sic
1296 1746 1477 1834 Imperator

348 1869 502 1936 Claudius
527 1871 645 1937 dicitur
668 1894 729 1937 non
755 1873 932 1958 principem
957 1871 1011 1937 sed
1037 1872 1222 1936 ministrum
1247 1872 1362 1957 egisse.

391 1996 522 2062 Oollatis
554 1998 656 2084 igitur
685 1998 757 2062 aliis
790 1998 972 2084 Tranquilli
996 1999 1073 2064 locis
1097 2006 1129 2064 et
1152 1999 1276 2084 origine
1299 1999 1472 2064 locutionis

349 2130 514 2210 perspecta
547 2144 610 2188 non
646 2123 757 2189 dubito
789 2124 867 2210 quin
900 2123 1003 2189 deleto
1029 2125 1103 2206 „se”
1129 2123 1299 2210 legendum
1324 2124 1383 2188 sit:
1407 2144 1469 2188 non

348 2249 524 2336 principem
561 2249 615 2314 sed
638 2249 834 2314 'ministrum
871 2250 947 2335 egit.
982 2250 1129 2315 Fortasse
1160 2250 1284 2335 syllaba
1319 2249 1393 2331 „se”
1420 2271 1477 2335 per

351 2373 601 2461 dittograpbiam
625 2376 756 2441 voculae
784 2375 878 2457 „sed”
904 2383 952 2441 est
976 2383 1054 2443 orta.

534 2623 566 2694 O.
593 2626 645 2692 30.
672 2627 854 2691 Auctoritas
878 2625 1072 2711 dipoitosque
1095 2626 1217 2708 formae
1236 2645 1300 2689 ooo
1320 2625 1479 2710 defaitocl

575 2755 677 2818 atoutt
698 2753 744 2817 oal
767 2755 886 2818 sedenti
909 2775 947 2817 oc
967 2755 1133 2834 praecipua
1156 2754 1333 2834 quiescenti.

398 2953 444 3018 Ut
478 2953 537 3019 hoc
571 2953 639 3018 loco
669 2972 688 3015 a
718 2952 837 3018 Rotbio
868 2953 1017 3018 asterisco
1048 2954 1182 3038 signato,
1207 2973 1305 3038 quam
1331 2951 1479 3038 proxime

354 3101 453 3144 mssos
481 3085 659 3164 sequentes,
684 3079 854 3143 lectionem
887 3099 969 3164 quae
998 3080 1142 3143 maxime
1165 3085 1240 3163 apta
1262 3082 1311 3142 est
1334 3075 1478 3141 invenia-

353 3227 425 3269 mus
461 3206 539 3270 utile
573 3205 656 3268 duxi
688 3205 787 3270 variis
817 3206 1008 3270 lectionibus
1040 3206 1122 3270 inter
1145 3226 1179 3270 se
1203 3203 1326 3269 collatis
1350 3208 1475 3269 senten-

355 3333 435 3397 tiam
459 3333 558 3398 ferre:

355 3506 418 3550 non
441 3482 544 3549 defuit
566 3484 619 3549 vel
642 3485 738 3548 stanti
763 3485 814 3549 vel
836 3483 968 3550 sedenti.
994 3482 1067 3548 Par.
1094 3483 1191 3565 6116,
1217 3481 1302 3548 Med.
1330 3485 1345 3544 1
1372 3487 1404 3545 et
1425 3481 1456 3545 2.

352 3631 413 3675 non
438 3609 543 3675 deluit
565 3610 661 3674 stanti
682 3610 733 3675 vel
753 3610 885 3676 sedenti.
907 3609 1046 3676 Vindob.
1068 3606 1234 3694 2.‘Copes,
1256 3605 1397 3688 Cartian,
1419 3612 1477 3672 etc.

353 3757 415 3800 non
440 3735 543 3800 defuit
566 3741 598 3800 et
622 3736 723 3800 veteri
746 3736 798 3801 vel
822 3735 920 3799 stanti
944 3735 996 3800 vel
1016 3733 1149 3801 sedenti.
1170 3732 1309 3800 Vindob.
1332 3731 1358 3818 Ι,
1379 3731 1479 3797 Basil.

353 3883 415 3925 non
439 3860 542 3926 defuit
562 3865 702 3925 ceterum
727 3861 823 3924 stanti
847 3860 898 3926 vel
920 3859 1053 3926 sedenti.
1079 3859 1159 3927 Exc.
1184 3857 1257 3945 cuj.

356 4008 415 4052 non
440 3985 543 4051 defuit
562 3992 594 4052 et
614 3993 757 4052 veterum
781 3985 832 4050 vel
853 3986 950 4051 stanti
973 3986 1024 4051 vel
1044 3985 1177 4052 sedenti.
1195 3984 1334 4074 Momm,
1348 3981 1432 4049 Med.
1447 3983 1477 4048 3.

402 4137 528 4213 Quibus
564 4138 755 4204 lectionibus
787 4138 871 4202 inter
902 4159 935 4201 se
966 4137 1089 4202 collatis
1117 4134 1284 4201 videamus
1308 4133 1385 4222 quid
1408 4154 1479 4198 sen-

323 4289 325 4295 ’
357 4266 458 4332 tentia
484 4265 635 4351 requirat.

405 4391 516 4456 Primo
547 4411 642 4475 aegre
672 4388 889 4455 desideramus
914 4409 1085 4474 pronomen
1110 4385 1239 4473 aliquod
1263 4407 1327 4472 quo
1350 4382 1480 4449 Claudii
