3370 5450
898 672 939 735 12

352 893 459 950 autem
495 885 610 949 idonea
625 905 727 972 ¹quam
753 884 850 948 ferret
873 889 905 946 et
927 888 1044 968 ageret.
1070 881 1143 945 Solo
1167 887 1273 946 tamen
1297 879 1356 946 hoo
1379 902 1474 966 argu·

352 1018 459 1076 mento
493 1011 593 1076 fretus
616 1009 699 1074 nihil
724 1019 847 1074 mutare
869 1010 985 1072 ausim.
1010 985 1138 1072 Etenim
1163 1006 1321 1071 mediocre
1345 1006 1476 1071 fortasse

352 1138 511 1202 tributum
536 1137 707 1222 imperavit
731 1142 767 1200 ut
790 1135 982 1200 exhaustam
1008 1134 1091 1198 bello
1114 1133 1311 1220 provinciam
1325 1138 1356 1196 et
1368 1154 1476 1198 recens

353 1264 528 1348 subjectam
564 1262 733 1326 clementia
767 1269 798 1325 et
833 1259 1078 1330 mansuetudine
1113 1259 1230 1345 populo
1255 1257 1400 1323 Romano
1423 1259 1477 1323 de·
1520 1293 1524 1305 ·

355 1387 500 1451 vinciret.

398 1511 512 1598 Neque
547 1512 767 1576 auctoritatem
803 1511 920 1575 codicis
953 1507 1102 1574 Vaticani
1133 1509 1364 1595 neglegendam
1389 1514 1475 1595 puto.

355 1636 462 1711 Quare
497 1639 542 1701 ita
576 1658 688 1701 censeo
723 1637 910 1721 legendum:
936 1637 1031 1723 eique
1055 1636 1239 1700 sestertium
1263 1635 1477 1722 quadringen-

354 1764 414 1826 ties
439 1763 472 1825 in
496 1762 639 1847 singulos
662 1782 760 1826 annos
783 1761 936 1847 stipendii
959 1761 1088 1825 nomine
1111 1760 1293 1846 imperavit.

539 2035 566 2099 0
595 2034 649 2096 45.
683 2033 791 2096 Etiam
825 2033 909 2096 calta
943 2034 1106 2097 notabilem
1129 2033 1256 2114 ferunt:
1281 2053 1372 2096 usum
1396 2035 1478 2097 caim

579 2161 641 2223 lato
674 2160 758 2223 clavo
792 2161 835 2223 cd
868 2180 980 2222 monus
1011 2161 1177 2241 fimbriata,
1201 2180 1256 2223 nec
1278 2166 1315 2222 ct
1337 2177 1479 2242 anquam

581 2285 673 2348 aliter
714 2305 808 2369 qaam
841 2305 935 2363 super
970 2305 1038 2348 cam
1072 2286 1257 2368 cinycretur,
1293 2291 1320 2348 et
1356 2283 1480 2371 quidem

576 2411 710 2489 fluxiore
732 2381 882 2474 cr'nctarc.¹

403 2643 489 2718 Quid
524 2647 557 2708 in
583 2644 643 2709 hac
664 2645 876 2731 descriptione
900 2647 997 2711 verba
1024 2668 1139 2732 „super
1162 2648 1258 2711 eum”
1282 2648 1345 2711 sibi
1369 2650 1479 2731 velint,

361 2771 421 2835 etsi
457 2771 553 2833 multi
577 2771 835 2857 interpretatores
860 2772 964 2836 varias
987 2773 1218 2858 explicationes
1242 2772 1396 2857 dederint,
1420 2795 1482 2839 non
1512 2763 1519 2776 ⁶

361 2894 516 2980 intelligo.
540 2894 679 2959 Romani
702 2917 799 2981 super
822 2897 962 2960 tunicam
975 2897 1140 2981 'gerebant
1162 2905 1279 2983 togam,
1299 2901 1392 2984 cujus
1411 2921 1482 2986 par-

356 3026 422 3084 tem
457 3021 586 3106 cingulo
621 3022 673 3086 vel
707 3020 811 3086 balteo
846 3021 993 3107 quodam,
1029 3028 1166 3086 ceteram
1198 3030 1319 3109 partem
1353 3024 1481 3090 brachio

358 3143 487 3210 sinistro
509 3148 718 3212 sustinebant.
744 3144 861 3211 ansar
883 3153 988 3212 antem
1011 3148 1366 3234 circacorporiscuram
1379 3137 1506 3215 moro-s

358 3273 422 3337 sior
456 3272 565 3336 tunica
600 3273 749 3336 utebatur
782 3272 944 3337 laticlavia
979 3281 1011 3337 et
1044 3274 1233 3359 cingebatur
1268 3276 1314 3339 ita
1337 3283 1373 3339 ut
1396 3262 1480 3363 quod

359 3397 541 3462 Macrobius
575 3397 672 3484 tradit
694 3398 810 3462 lacinia
829 3398 1018 3463 traheretur.
1043 3400 1090 3464 At
1115 3401 1210 3465 velim
1236 3402 1378 3488 explices
1401 3402 1480 3488 quid

359 3524 542 3611 significent
566 3524 664 3588 verba
691 3527 936 3610 „supereum”

404 3649 548 3736 Superne
572 3651 713 3714 tunicam
738 3651 957 3715 laticlaviam?
982 3651 1127 3738 Apparet
1149 3652 1403 3718 additamentum
1422 3653 1481 3718 hoc

359 3780 487 3843 omnino
517 3777 696 3860 abundare;
729 3777 785 3862 qui
809 3777 895 3840 enim
919 3778 1060 3862 cingitur
1082 3800 1179 3864 super
1202 3779 1343 3843 tunicam
1369 3779 1481 3866 cingu-

359 3906 427 3969 lum
451 3905 593 3991 apponit.
620 3902 673 3966 An
697 3924 793 3990 super
816 3904 917 3966 latum
942 3902 1079 3986 clavum,
1103 3906 1246 3969 utlatus
1267 3906 1376 3970 clavus
1396 3912 1481 3970 totus

360 4031 413 4095 vel
445 4052 488 4094 ex
524 4031 642 4114 majore
677 4036 765 4114 parte
782 4029 939 4093 cinctura
960 4030 1145 4114 tegeretur?
1169 4029 1215 4093 At
1237 4028 1291 4093 hic
1313 4051 1424 4094 sensus
1447 4031 1480 4092 in

360 4156 467 4223 verbis
505 4177 619 4240 „super
653 4155 748 4220 eum”
784 4175 846 4218 non
882 4154 1009 4220 videtur
1042 4156 1156 4220 inesse.
1189 4154 1365 4242 Exspectas
1396 4179 1425 4220 v.
1449 4177 1480 4241 g.

362 4281 530 4347 Gaesarem
565 4283 662 4345 altius
685 4301 782 4366 quem
805 4281 884 4344 alios
908 4282 1046 4345 cinctum
1072 4281 1181 4346 fuisse.
1205 4281 1352 4346 Fortasse
1376 4288 1481 4347 tamen

362 4429 491 4473 sensum
515 4408 656 4493 aliquem
680 4427 741 4471 non
766 4407 811 4469 ite
834 4405 1009 4471 absurdum
1033 4414 1234 4492 extorqueas,
1259 4408 1287 4470 si
1310 4407 1483 4493 premendo
