3370 5450
759 699 799 759 47

216 907 374 992 particula
395 907 481 972 enim
506 908 562 971 illa
584 907 644 973 boc
667 909 735 973 looo
759 910 888 974 omnino
907 911 1007 975 otiosa
1020 911 1155 977 videtur.
1170 912 1220 976 De
1233 913 1342 978 verbis

216 1038 323 1097 autem
348 1054 430 1120 quae
454 1035 602 1121 proxime
625 1035 817 1116 antecedunt
840 1037 924 1100 inter
947 1037 1045 1101 libros
1067 1060 1167 1103 mssos
1187 1060 1247 1102 non
1270 1059 1343 1112 oon-

217 1160 314 1225 venit.
351 1157 461 1224 Codex
496 1160 582 1224 enim
620 1160 836 1225 Memmianus
871 1169 903 1226 et
936 1163 1083 1227 nonnulli
1118 1163 1175 1227 alii
1207 1164 1342 1229 habent:

216 1307 273 1370 pro
304 1288 413 1350 rostris
443 1287 571 1373 populo,
595 1287 679 1351 alius
712 1287 843 1374 quidam
868 1288 1017 1353 tradidit:
1042 1297 1260 1355 commonente
1285 1313 1342 1377 pro

215 1411 340 1475 Rostris
363 1413 489 1498 populo,
513 1414 677 1500 plerique:
702 1416 894 1480 commonito
918 1437 975 1502 pro
999 1415 1123 1480 Rostris
1147 1418 1273 1503 populo.

232 1519 398 1604 'Rothius
429 1547 536 1605 autem
568 1541 668 1606 fretus
691 1540 798 1606 codice
822 1540 1018 1606 Memmiano
1042 1541 1175 1605 verbum
1201 1564 1339 1606 commo·

214 1665 331 1729 nente”
355 1666 407 1731 vel
435 1666 666 1747 „commonito”
692 1673 728 1730 ut
753 1666 890 1731 otiosum
914 1666 1043 1732 delevit.
1068 1665 1153 1730 Mihi
1180 1689 1253 1733 vero
1273 1691 1337 1732 vox

217 1792 448 1872 „commonito”
473 1812 676 1878 nequaquam
701 1813 899 1879 supervacua
923 1793 993 1856 visa
1017 1799 1073 1858 est.
1099 1791 1227 1857 Solebat
1250 1795 1336 1858 enim

213 1916 335 1981 Romae
369 1918 517 2004 populus,
548 1924 719 2003 antequam
754 1939 804 1982 res
827 1919 991 2003 graviores
1014 1920 1083 1985 siue
1106 1919 1146 1982 ad
1170 1918 1244 1984 deos
1268 1921 1337 1985 sive

212 2042 252 2106 ad
273 2044 501 2130 rempublicam
516 2046 710 2131 pertinentes
722 2045 776 2130 agi
788 2053 917 2130 coeptae
929 2050 1043 2126 essent,
1056 2044 1095 2108 de
1108 2066 1215 2109 rerum
1228 2053 1336 2110 tenore

213 2176 245 2235 et
277 2172 436 2256 gravitate
467 2172 670 2237 commoneri.
703 2171 841 2236 Videtur
863 2178 970 2236 autem
996 2193 1045 2236 res
1070 2170 1109 2235 de
1132 2191 1196 2257 qua
1219 2172 1337 2256 agitur,

213 2297 393 2381 procuratio
424 2297 564 2383 prodigii
590 2302 831 2374 terraemotus,
860 2293 1038 2360 aclaudio
1062 2316 1119 2381 pro
1144 2296 1221 2358 satis
1244 2297 1337 2381 gravi

212 2422 322 2487 habita
345 2445 431 2507 esse3
455 2424 741 2489 summovebantur
764 2425 849 2488 onim
874 2423 1037 2509 peregrini
1061 2429 1092 2486 ot
1116 2421 1252 2507 profani.

257 2547 363 2612 Etiam
395 2548 487 2613 valde
518 2548 695 2614 verisimile
725 2554 774 2612 est
795 2549 950 2635 populum
976 2548 1136 2632 ignarum,
1160 2553 1332 2632 antequam

211 2673 385 2760 imperator
417 2674 664 2740 obsecrationem
697 2675 844 2760 praeiret,
875 2674 945 2738 sive
968 2673 1070 2740 edicto
1094 2674 1163 2738 sive
1187 2673 1333 2737 contione

211 2798 250 2864 de
285 2821 318 2864 re
352 2800 475 2885 agenda
508 2822 577 2866 esse
611 2800 820 2865 admonitum.
852 2798 940 2874 Quas
970 2800 1010 2864 ob
1035 2800 1172 2864 rationes
1199 2799 1334 2864 verbum

215 2927 456 3009 „commonito”‚
481 2927 565 3013 quod
589 2927 735 3014 plerique
759 2927 835 2991 libri
859 2927 950 2992 nobis
975 2932 1161 3007 servarunt,
1186 2933 1222 2989 ut
1242 2925 1334 2990 valde

210 3053 385 3118 sententiae
419 3059 530 3141 aptum
565 3054 765 3119 retinendum
798 3054 890 3118 oredo
921 3060 954 3118 et
984 3053 1172 3139 legendum:
1197 3073 1333 3138 eamque

211 3179 279 3266 ipse
305 3182 380 3267 jure
409 3181 576 3246 Pontificio
609 3180 749 3245 Maximi
771 3181 963 3245 commonito
985 3200 1042 3265 pro
1066 3178 1190 3243 Rostris
1215 3179 1332 3264 populo

209 3307 356 3392 praeiret.

389 3569 421 3634 Ο.
446 3569 500 3636 22.
523 3569 597 3634 Noa
616 3569 792 3653 prinoipem
814 3588 846 3631 se
869 3567 923 3630 sed
946 3567 1123 3630 ministrum
1148 3568 1215 3649 epil.

252 3806 367 3872 Latine
402 3807 530 3872 dicunt:
565 3827 660 3892 agere
695 3805 884 3892 principem,
916 3824 1011 3888 agere
1042 3803 1235 3867 ministrum.
1261 3799 1327 3868 oo.

207 3932 281 4000 Tib.
312 3955 338 4000 c.
371 3935 420 4000 12.
449 3933 642 4016 „Enimvero
663 3939 739 3997 tunc
762 3953 824 3996 non
849 3931 1011 4017 privatum
1036 3929 1128 3994 modo
1151 3929 1325 3994 sedetiam

205 4060 382 4127 obnoxium
406 4066 438 4125 et
460 4059 620 4146 trepidum
641 4058 740 4144 egit,”
761 4056 838 4122 ibid.
862 4079 887 4123 c.
913 4056 955 4119 26
983 4056 1132 4137 „civilem
1155 4055 1326 4120 admodum

206 4187 291 4250 inter
313 4185 407 4248 initia
429 4205 466 4248 ac
489 4183 716 4270 paulominus
740 4203 836 4268 quam
861 4182 1023 4267 privatum
1048 4181 1135 4266 egit'’
1161 4179 1234 4246 Tib.
1256 4201 1282 4246 c.
1297 4181 1326 4245 6.

208 4310 345 4397 „Neque
378 4333 421 4376 ex
445 4332 481 4376 eo
505 4310 627 4375 destitit
650 4309 839 4396 participem
863 4313 960 4392 atque
983 4307 1081 4371 etiem
1104 4313 1242 4371 tutorem
1268 4306 1327 4368 im-

204 4438 288 4526 perii
311 4436 437 4523 agere.”
