3370 5450
906 703 948 766 50

358 913 432 978 nius
462 911 596 978 Crassus
626 913 762 978 orator'’.
795 911 855 978 Ille
877 919 926 977 est
947 881 1257 990 tritavus'Neronis
1281 913 1334 978 hio
1357 920 1478 977 atavus.

403 1038 593 1105 Suetonium
617 1038 695 1104 adso
719 1039 873 1104 fastorum
899 1041 1084 1126 imperitum
1110 1040 1209 1105 fuisse
1234 1046 1270 1104 ut
1294 1041 1372 1105 duos
1397 1041 1481 1104 viros

359 1165 502 1230 maxime
526 1172 703 1230 memoratu
728 1164 841 1250 dignos
865 1164 1043 1230 confuderit
1067 1167 1140 1252 quis
1164 1166 1294 1232 credat?

402 1289 483 1365 Quis
507 1292 593 1355 enim
618 1290 824 1355 historiarum
837 1293 972 1378 scriptor
983 1292 1148 1357 Romanus
1160 1293 1327 1377 ignorabat
1339 1292 1393 1356 lex
1406 1293 1481 1355 anni

361 1419 433 1501 104,
463 1438 560 1504 quam
588 1419 793 1482 nuncetiam
818 1419 911 1504 pueri
936 1439 1009 1482 eum
1033 1425 1160 1484 auctore
1185 1420 1339 1484 memoria
1362 1424 1480 1498 tenent,

356 1567 376 1608 a
399 1567 461 1630 quo
485 1549 568 1610 esset
590 1544 663 1610 lata.
689 1543 773 1608 Puta
795 1545 979 1630 scriptorem
1002 1551 1171 1610 nostratem
1186 1546 1345 1627 Priscum,
1359 1551 1480 1630 patrem

356 1677 388 1734 et
421 1671 537 1752 filium,
574 1690 637 1735 non
672 1670 870 1754 discernere;
906 1672 1004 1735 nimis
1039 1670 1211 1736 ridiculum
1247 1679 1294 1737 est
1325 1693 1420 1757 quam
1447 1678 1482 1735 ut

356 1797 475 1861 factum
511 1818 580 1862 esse
613 1797 732 1861 credas.
768 1797 1015 1884 Oudendorpius
1049 1798 1120 1864 ideo
1152 1799 1258 1864 verbis
1281 1798 1482 1884 transpositis

354 1924 436 1989 hano
470 1925 637 1990 lectionem
673 1925 925 1990 commendavit:
961 1925 1087 1990 Atavus
1119 1928 1199 2012 ejus,
1223 1924 1281 1990 On.
1307 1926 1480 2006 Domitius,

355 2051 389 2113 in
419 2052 585 2116 consulatu
621 2050 852 2136 Allobrogibus
876 2051 1097 2138 Arvernisque
1121 2051 1289 2138 superatis,
1313 2050 1481 2136 elephanto

355 2199 412 2263 per
445 2178 641 2265 provinciam
675 2184 784 2242 vectus
816 2183 873 2259 est,
905 2177 999 2242 turba
1031 2178 1172 2242 militum
1196 2179 1289 2264 quasi
1313 2179 1397 2243 iuter
1419 2176 1480 2241 sol-

358 2303 477 2367 lemnia
501 2303 658 2389 triumpbi
683 2309 902 2389 prosequente.
928 2302 1037 2389 Hujus
1059 2303 1147 2367 filius
1168 2304 1200 2366 in
1221 2304 1387 2368 tribunatu
1403 2323 1478 2388 pon-

354 2429 497 2493 tificibus
525 2427 684 2510 offensior,
707 2428 792 2514 quod
816 2430 917 2492 alium
942 2449 1037 2515 quam
1063 2431 1152 2493 sein
1176 2430 1275 2514 patris
1299 2429 1349 2491 sui
1373 2428 1477 2492 locum

354 2561 561 2642 cooptassent,
593 2557 648 2641 jus
685 2555 883 2619 sacerdotum
915 2555 1188 2640 subrogandorum
1222 2576 1241 2618 a
1271 2554 1415 2639 collegiis
1438 2553 1477 2616 ad

353 2682 509 2768 populum
535 2682 708 2746 transtulit.
732 2680 771 2743 In
796 2679 882 2745 huno
905 2680 991 2744 dixit
1010 2687 1058 2746 ete
1062 2729 1157 2748 .....

397 2805 500 2870 Addit
529 2813 636 2870 tamen
668 2805 933 2891 Oudendorpius:
962 2805 1102 2886 „Verum
1127 2805 1236 2876 haeret
1259 2812 1365 2869 tamen
1390 2826 1477 2868 soru-

352 2932 465 3018 pulus;
501 2931 585 3018 quod
621 2937 697 2994 tuuc
730 2931 950 2995 Arvernorum
983 2933 1084 2996 vietor
1106 2953 1167 2995 non
1191 2939 1304 2996 atavus
1329 2930 1477 3011 Neronis,

352 3058 407 3122 sed
437 3058 584 3139 tritavus,
610 3058 658 3121 uti
683 3063 760 3138 erat,
788 3059 892 3122 vocari
916 3057 1064 3122 debuisse
1089 3057 1231 3122 videtur:
1259 3058 1320 3120 nisi
1344 3064 1472 3121 atavum

352 3207 408 3271 pro
440 3186 556 3249 tritavo
589 3185 741 3271 posuerit,
767 3191 803 3249 ut
830 3188 1006 3271 „proavus”
1032 3207 1088 3271 pro
1116 3185 1247 3265 „atavo”
1273 3184 1324 3249 vel
1348 3205 1411 3248 uno
1434 3205 1476 3248 ex

352 3312 537 3399 majoribus,
562 3318 594 3376 et
615 3319 723 3376 contra
754 3314 907 3392 „atavus”
932 3333 988 3397 pro
1012 3313 1168 3396 „proavo”
1182 3311 1476 3395 assimilesoogna-

352 3441 476 3503 tionum
501 3438 740 3524 adpellationes,
765 3439 875 3503 laxius
898 3445 1080 3502 sumuntur.
1113 3411 1114 3416 ἵ

396 3562 504 3629 Verba
539 3563 617 3628 haec
653 3570 795 3647 „atavus
834 3564 992 3650 proavus’'
1028 3564 1188 3628 interdum
1224 3565 1347 3629 laxiore
1381 3585 1476 3628 sensu

351 3691 501 3778 usurpari
536 3712 630 3756 nemo
665 3691 842 3775 negaverit.
878 3690 951 3756 Non
986 3697 1092 3754 tamen
1126 3696 1233 3756 nostro
1266 3692 1333 3756 looo
1367 3691 1477 3756 licebit

354 3820 507 3899 „atavus”
544 3839 601 3903 pro
640 3817 816 3898 „tritavus”
852 3837 985 3902 ponere;
1021 3817 1066 3880 sic
1101 3818 1187 3881 enim
1219 3818 1276 3903 qui
1299 3818 1419 3902 legeret
1442 3817 1475 3878 in

350 3965 489 4009 errorem
516 3944 722 4008 induceretur
744 3943 880 4009 alterum
905 3965 948 4008 ex
973 3943 1125 4008 Domitiis
1145 3943 1211 4007 illis
1223 3943 1322 4008 fuisse
1334 3949 1475 4024 atavum,

349 4070 486 4134 alterum
520 4109 560 4118 —
597 4069 701 4134 filium
734 4108 774 4117 —
811 4070 910 4134 fuisse
941 4089 1038 4134 avum
1062 4067 1211 4133 Neronis.
1236 4067 1358 4143 Quidni
1383 4089 1475 4134 omne

349 4193 483 4258 dubium
520 4215 681 4260 removeas
716 4193 867 4279 legendo:
903 4192 1056 4258 Tritavus
1090 4195 1171 4279 ejus,
1196 4199 1302 4257 cetera
1325 4199 1361 4256 ut
1386 4193 1471 4279 apud

350 4318 624 4405 Oudendorpium.

392 4445 541 4509 Fortasse
570 4451 675 4509 tamen
709 4446 795 4509 loous
820 4444 872 4509 bio
896 4451 944 4509 est
967 4466 1049 4510 unus
1072 4467 1113 4509 ex
1139 4446 1214 4526 illis,
1241 4447 1297 4532 qui
1322 4446 1476 4510 nonnulla
