3370 5450
745 710 785 769 63

199 943 254 1007 pro
292 921 450 1001 „rosaria”
487 920 581 984 etiam
618 919 737 1004 legitur
770 917 889 983 roseria
921 917 972 982 vel
996 917 1124 996 resacia,
1150 923 1223 982 ante
1253 939 1320 999 „ro-

198 1047 301 1111 saria”
324 1047 358 1110 iu
383 1046 545 1110 nonnullis
569 1046 661 1110 libris
684 1043 844 1109 antecedit
866 1043 1008 1130 absyrtio
1032 1043 1083 1109 vel
1107 1043 1259 1110 absertio.

242 1173 326 1237 Mihi
350 1175 384 1237 in
407 1173 556 1238 hocloco
581 1171 816 1258 interpretando
837 1191 943 1235 merae
955 1170 1104 1234 tenebrae
1116 1177 1322 1255 consurgunt.
1364 1243 1365 1248 .

199 1299 272 1365 Vox
318 1299 507 1381 „mitellita”
550 1297 629 1360 alibi
664 1318 726 1361 non
761 1297 908 1378 occurrit,
944 1296 1100 1360 rosarium
1137 1295 1323 1380 ubieunque

198 1426 356 1511 significat
379 1426 483 1489 locum
508 1424 559 1488 vel
582 1422 757 1504 hortulum,
783 1422 840 1486 ubi
865 1442 954 1486 rosae
978 1422 1134 1486 coluntur.

242 1548 359 1615 Variae
394 1572 473 1637 quas
508 1551 696 1615 enumeravi
724 1549 874 1614 lectiones
898 1570 960 1612 non
988 1549 1095 1611 minus
1119 1547 1322 1612 obscuritatis

198 1677 325 1745 habeut.
361 1677 426 1751 Qui
461 1698 535 1742 vero
570 1677 640 1742 voci
679 1675 869 1757 „mitellita”
905 1697 1033 1740 sensum
1058 1675 1134 1739 huie
1158 1675 1225 1739 loco
1249 1675 1321 1761 plus

198 1805 346 1868 minusve
376 1810 487 1890 aptum
512 1803 633 1888 fingere
656 1803 759 1867 eonati
783 1809 859 1866 sunt
881 1801 1031 1866 videntur
1055 1801 1136 1865 mihi
1160 1803 1266 1866 oleum
1290 1808 1322 1866 et

197 1950 325 2014 operam
349 1928 535 2016 perdidisse.
561 1928 629 1992 Alii
655 1928 841 2012 intelligunt
865 1927 1013 1992 mitellita
1033 1948 1102 1992 esse
1121 1949 1250 1992 coronas
1271 1929 1323 1992 vel

197 2062 382 2120 ornamenta
415 2055 583 2142 quaedam,
618 2055 675 2118 alii
710 2054 859 2119 mitellita
892 2075 947 2140 pro
978 2052 1136 2138 adjectivo
1159 2061 1321 2118 sumentes

198 2181 384 2266 intelligunt
418 2181 586 2262 „mitellita
618 2181 745 2262 coena'’,
769 2179 854 2266 quod
877 2180 1058 2266 explicant:
1083 2199 1180 2264 coena
1204 2180 1237 2243 in
1261 2200 1326 2265 qua

198 2285 389 2372 munuscula
422 2309 455 2371 in
488 2329 604 2394 parvae
629 2309 743 2371 mitrae
766 2307 904 2392 figuram
928 2307 1063 2370 formata
1087 2305 1324 2371 dividebantur.

198 2431 307 2497 Merae
338 2440 413 2497 eunt
443 2433 650 2521 suspiciones,
683 2454 766 2519 quae
797 2440 919 2498 utnon
943 2431 1099 2496 absurdae
1123 2433 1325 2495 suntsieut

198 2559 373 2644 probentur
402 2561 601 2645 argumentis
626 2559 787 2645 indigent.
820 2558 972 2624 Mitellita
995 2566 1103 2624 autem
1128 2581 1197 2623 esse
1219 2558 1324 2644 adjec-

198 2684 302 2748 tivum
339 2706 375 2750 eo
410 2685 517 2749 minus
549 2685 641 2750 credo
672 2685 756 2772 quod
784 2686 942 2766 „rosaria”
967 2691 1043 2749 tunc
1067 2685 1164 2749 etiam
1190 2706 1245 2771 pro
1270 2684 1324 2748 ad·

193 2810 314 2894 jectivo
338 2810 520 2875 babendum
545 2817 636 2876 esset.
662 2810 748 2884 Quid
773 2833 848 2876 vero
871 2818 919 2876 est
943 2811 1062 2875 rosaria
1085 2811 1205 2874 coena?

242 2934 445 3022 Quamquam
483 2937 583 3022 igitur
618 2943 758 3023 praestat
792 2937 924 3002 fortasse
959 2945 1061 3001 totum
1099 2937 1214 3019 locum,
1250 2957 1324 3000 cum

196 3066 317 3125 eertum
350 3061 529 3127 remedium
560 3063 695 3128 indicari
726 3085 788 3128 non
816 3065 924 3150 possit,
950 3065 1104 3128 intactum
1131 3063 1323 3149 relinquere,

196 3208 259 3252 non
290 3194 396 3252 tamen
427 3189 577 3253 reticeam
609 3188 687 3274 quid
718 3189 799 3252 mihi
822 3191 942 3275 legenti
965 3191 998 3253 in
1023 3197 1162 3254 mentem
1188 3189 1322 3256 venerit.

197 3312 288 3386 Quod
324 3315 352 3377 si
386 3336 447 3379 non
483 3317 571 3379 omni
607 3338 649 3381 ex
673 3323 762 3402 parte
786 3316 938 3403 probetur
960 3316 1033 3380 aliis
1058 3316 1190 3380 fortasse
1213 3337 1321 3380 ansam

197 3439 321 3504 dederit
344 3462 457 3505 verum
481 3441 677 3507 inveniendi.

241 3564 315 3629 dam
339 3589 358 3631 a
381 3569 491 3632 multis
515 3568 655 3633 indicata
679 3575 727 3633 est
751 3591 815 3633 vox
843 3569 1005 3650 „mellita”
1030 3591 1087 3656 pro
1114 3569 1320 3650 „metellita'’‚

195 3694 291 3780 cujus
327 3694 503 3780 unicuique
537 3695 630 3761 credo
665 3695 785 3781 legenti
820 3697 853 3759 in
890 3702 1029 3762 mentem
1054 3697 1174 3761 venire.
1199 3694 1324 3760 Mellita

196 3826 272 3884 sunt
294 3820 435 3884 crustula
459 3820 511 3885 vel
535 3821 669 3915 bellaria
693 3821 788 3886 melle
811 3821 937 3886 condita
961 3822 1012 3887 vel
1036 3822 1128 3908 pista.

242 3945 305 4011 Pro
339 3946 497 4026 „rosaria”
531 3946 665 4032 legerim
701 3949 915 4030 „rosaceum”,
941 3969 1023 4034 quae
1048 3971 1111 4014 vox
1136 3949 1156 4012 i.
1183 3971 1212 4013 a.
1235 3949 1322 4014 Plin.

196 4070 242 4135 H.
266 4070 308 4134 N.
332 4071 370 4138 L.
396 4072 448 4155 22,
474 4071 509 4138 O.
536 4073 578 4135 24
602 4080 634 4138 et
657 4072 694 4139 L.
720 4074 772 4155 32,
797 4070 833 4140 Ο.
860 4075 877 4136 'I
907 4096 963 4160 pro
988 4075 1057 4139 oleo
1080 4095 1207 4140 rosaceo
1230 4097 1323 4140 usur·

197 4203 302 4284 patur.
326 4195 418 4270 Quod
441 4199 544 4262 solum
569 4198 645 4263 huic
665 4200 864 4284 conjecturae
883 4199 1008 4264 obstare
1028 4199 1156 4264 videtur
1177 4240 1217 4248 —
1238 4201 1323 4287 quod

196 4329 304 4387 tamen
327 4324 424 4388 etiam
449 4324 577 4389 lectioni
601 4324 750 4410 vulgatae
773 4324 910 4411 aliisque
934 4326 1036 4390 obstat
1058 4365 1097 4373 —
1120 4331 1168 4390 est
1179 4348 1324 4393 summae

197 4448 389 4536 quadragies
420 4452 559 4516 sestertii
590 4449 786 4536 magnitudo.
821 4449 1062 4536 Quadringenta
1097 4450 1199 4514 millia
1233 4451 1324 4516 flore-
