3370 5450
220 917 438 1004 phitheatrum
463 917 634 1004 prodirent,
659 918 818 982 fortunam
843 922 875 981 et
898 917 1171 982 existimationem
1195 914 1341 1002 perdide-

219 1051 303 1127 runt,
327 1043 459 1129 quidam
492 1044 618 1109 easdem
643 1045 783 1129 integras
807 1050 984 1109 servarunt.
1010 1041 1056 1106 At
1079 1040 1267 1106 incredibile
1291 1048 1340 1106 est

218 1170 286 1235 hoe.
318 1169 400 1245 Quis
423 1171 509 1236 enim
534 1170 641 1236 eredat
664 1170 730 1236 fere
753 1170 1003 1256 quadringentos
1026 1175 1186 1234 senatores
1210 1173 1242 1232 et
1266 1189 1339 1232 sex-

217 1303 323 1362 oentos
347 1298 472 1384 equites
495 1298 594 1361 simul
618 1296 745 1362 fortuna
767 1303 799 1362 et
819 1296 1058 1361 existimatione
1077 1317 1145 1359 esse
1164 1294 1338 1381 spoliatos?

217 1421 382 1487 Dimidius
405 1423 471 1488 fere
495 1430 624 1488 senatus
647 1444 711 1488 uno
734 1423 800 1487 iotu
825 1443 993 1508 pereussos
1012 1421 1176 1507 jacuisset.

261 1547 440 1631 Praeterea,
472 1549 598 1613 etiamsi
629 1548 838 1614 oonoedamus
869 1547 951 1611 hano
973 1547 1073 1611 fnisse
1096 1551 1236 1611 mentem
1260 1544 1339 1610 Sue-

216 1675 296 1737 tonii
329 1679 458 1757 eeteros,
494 1675 605 1760 paueis
639 1674 705 1738 illis
739 1675 894 1760 exeeptis,
919 1673 1075 1758 dignitate
1098 1695 1167 1738 esse
1190 1672 1338 1738 deminu-

216 1805 272 1883 tos,
299 1839 339 1848 -
371 1821 454 1886 qnae
477 1822 511 1865 re
534 1821 610 1866 vera
633 1801 699 1865 sola
724 1808 772 1866 est
793 1800 996 1885 signifieatio,
1020 1820 1117 1885 quam
1143 1799 1250 1864 verbis
1273 1807 1337 1864 tra·

215 1923 291 1989 ditis
313 1926 488 1991 attribuere
510 1926 586 1991 lieet
610 1965 651 1974 —
677 1926 735 1990 hoe
758 1927 870 1990 saltem
895 1926 989 2011 paulo
1011 1924 1152 1990 lucidius
1176 1925 1337 1990 enuntiari

214 2052 386 2136 oportebat.
422 2050 467 2116 Ut
503 2053 599 2117 verba
633 2074 717 2117 nune
752 2075 785 2118 se
820 2053 938 2118 habent
961 2053 1130 2118 manifesto
1153 2053 1278 2139 aliquid
1303 2054 1335 2116 in

214 2177 371 2241 anteriore
405 2184 510 2263 parte:
547 2178 699 2243 exhibuit
733 2186 840 2244 autem
875 2200 907 2245 u.
920 2200 949 2246 a.
985 2185 1017 2245 et
1051 2179 1216 2266 quosdam,
1252 2179 1335 2245 desi·

215 2303 351 2372 deratnr.

258 2430 384 2505 Quibus
419 2432 458 2498 de
492 2434 597 2497 oausis
632 2433 713 2498 hane
746 2433 1001 2499 emendationem
1035 2456 1193 2521 propono:
1218 2454 1336 2520 eosque

213 2557 338 2622 fortuna
372 2565 469 2645 atque
504 2560 744 2625 existimatione
778 2561 911 2645 integra.
948 2559 1083 2646 Equites
1113 2569 1145 2626 et
1175 2567 1335 2624 senatores

208 2686 306 2771 jussit
340 2687 560 2772 gladiatoriam
593 2708 722 2773 operam
754 2693 922 2773 praestare,
947 2687 1001 2752 sed
1026 2693 1061 2752 ut
1083 2687 1205 2751 nullam
1230 2686 1335 2771 digni·

212 2817 308 2876 tatem
344 2812 536 2877 amitterent.
572 2811 700 2877 Etenim
736 2833 798 2877 non
834 2812 950 2877 licebat
973 2813 1014 2876 iis
1039 2813 1072 2876 in
1097 2811 1335 2898 amphitheatro

211 2958 364 3023 pugnare,
388 2937 443 3003 sed
467 2937 554 3003 Nero
578 2938 611 3002 id
635 2939 782 3025 permisit
803 2939 892 3004 salva
914 2939 1081 3023 dignitate.

255 3062 326 3138 Qua
361 3063 581 3129 emendatione
616 3064 755 3128 admissa
785 3065 997 3150 judicandum
1031 3065 1136 3130 adhuo
1166 3074 1265 3132 restat
1294 3068 1334 3133 de

210 3197 316 3257 vetere
346 3192 526 3277 conjectura
559 3191 790 3277 „quadraginta
821 3199 852 3255 et
883 3192 1073 3276 sexaginta”
1102 3212 1158 3277 pro
1181 3193 1334 3277 quadrin-

209 3318 314 3401 gentis
345 3323 376 3382 et
409 3318 578 3414 sexcentis.
604 3316 743 3403 Antiqui
767 3322 1038 3399 oommentatores‚
1064 3318 1124 3382 etsi
1150 3319 1256 3384 verbis
1284 3327 1335 3402 „et

208 3443 360 3528 quosdam
385 3443 465 3508 eto.’'
491 3463 552 3507 non
575 3442 826 3525 offendebantur,
851 3449 956 3508 tamen
980 3445 1160 3508 numeralia
1179 3445 1332 3531 quadrin·

208 3575 318 3653 gentos
353 3575 384 3634 et
415 3575 582 3634 sexeentos
615 3569 767 3634 mutanda
791 3576 983 3634 censuerunt
1006 3571 1040 3634 in
1064 3570 1276 3657 quadraginta
1301 3579 1333 3638 et

207 3673 393 3781 sexaginta.⁸
416 3694 489 3759 Non
521 3697 607 3760 euim
639 3697 816 3761 verisimile
840 3696 994 3782 putabant
1017 3704 1063 3761 tot
1087 3698 1186 3762 simul
1209 3705 1332 3764 senato·

208 3842 257 3885 res
281 3829 312 3887 et
335 3821 459 3907 equites
484 3842 653 3907 pugnasse.
679 3821 752 3886 Mea
775 3821 905 3907 quidem
929 3823 1086 3887 sententia
1110 3824 1144 3886 in
1167 3845 1237 3888 eam
1258 3846 1331 3911 par-

206 3952 269 4010 tem
302 3946 393 4011 valde
424 3947 566 4030 inclinat,
599 3948 784 4033 praesertim
817 3947 900 4033 quod
932 3946 1075 4012 eodioum
1107 3947 1140 4010 in
1168 3948 1331 4014 tradendis

205 4073 424 4138 numeralibus
460 4050 600 4137 infirma*
622 4074 665 4136 sit
695 4074 875 4140 auotoritas.
901 4073 982 4138 Tota
1005 4095 1079 4159 ergo
1103 4075 1261 4138 sententia
1285 4076 1331 4138 ita

204 4199 347 4284 legatur:
372 4199 524 4264 exhibuit
547 4205 655 4263 autem
678 4198 718 4262 ad
742 4198 862 4263 ferrum
887 4201 983 4265 etiam
1007 4199 1219 4285 quadraginta
1238 4221 1330 4264 sena·

204 4332 288 4390 tores
320 4332 354 4394 ,et
387 4327 557 4411 sexaginta
590 4326 715 4411 equites
746 4347 864 4412 eosque
888 4327 1015 4390 fortuna
1037 4333 1069 4391 et
1091 4326 1331 4392 existimatione

205 4454 340 4539 integra.
