3370 5450
732 708 771 768 21

193 942 259 995 μεις
282 915 333 981 καὶ
358 917 414 988 τὰς
437 915 588 996 προσόδους
608 917 665 988 τὰς
685 916 781 983 κοινὰς
801 918 831 988 ἐς
844 915 960 993 βιβλίον
973 914 1129 996 ἕσγροὶψοις
1142 915 1229 981 ἔδωκε
1243 969 1250 984 .
1265 969 1272 984 .
1287 967 1294 984 .
1309 966 1316 982 .

237 1042 338 1130 Apud
361 1043 499 1108 Dionem
524 1063 599 1129 ergo
622 1041 793 1128 Augustus
817 1043 1023 1128 magistratus
1047 1050 1079 1108 et
1097 1048 1216 1108 eeteros
1230 1044 1316 1130 prin-

192 1169 279 1255 oipes
314 1190 387 1233 oum
412 1190 429 1234 e
455 1174 566 1233 senatu
591 1177 660 1234 tum
685 1189 727 1233 ex
751 1168 892 1254 equestri
914 1167 1024 1232 ordine
1047 1167 1177 1233 domum
1203 1189 1317 1234 eonvo·

192 1295 286 1378 eavit,
309 1295 396 1382 apud
421 1294 612 1361 Suetonium
637 1316 700 1360 non
724 1295 827 1360 solum
852 1295 1058 1380 magistratus
1079 1279 1317 1360 sede'tomnem

192 1429 350 1488 senatum.

237 1547 423 1614 Verisimile
446 1556 554 1614 autem
578 1571 640 1614 non
665 1558 712 1615 est
735 1547 921 1635 Augustum
946 1550 1034 1615 letali
1058 1550 1168 1616 morbo
1187 1573 1316 1638 oppres·

192 1696 265 1739 sum
286 1680 389 1739 totum
414 1680 561 1739 senatum
586 1715 627 1722 -
652 1675 793 1754 900vel
819 1677 904 1739 1000
929 1677 1014 1740 viros
1037 1715 1075 1722 —
1091 1676 1314 1742 domumaeoi-

192 1835 287 1879 v1sse.

237 1937 320 2003 0um
344 1958 419 2024 ergo
444 1960 462 2004 e
485 1938 648 2008 oodioibus
671 1939 817 2006 Suetonii
841 1939 1071 2006 Torrentianus
1092 1948 1124 2007 et
1144 1940 1314 2007 Oortianus

191 2071 324 2130 exarata
358 2064 497 2131 habeant
533 2066 794 2151 „magistratibus
829 2067 1003 2132 esenatu”
1027 2066 1110 2132 hano
1133 2069 1313 2153 leotionem‚

190 2212 273 2277 quae
314 2187 398 2256 oum'
429 2192 610 2257 narratione
651 2191 766 2258 Dionis
802 2193 970 2258 eonveniat
1003 2194 1097 2259 alteri
1132 2193 1313 2280 praeferen-

191 2316 264 2381 dam
289 2324 375 2404 puto.

375 2579 408 2646 0.
445 2580 498 2644 87.
530 2583 620 2661 ponit
653 2584 778 2646 assiduo
801 2588 830 2646 el
848 2603 907 2663 pro
930 2584 1024 2648 stulto
1048 2583 1203 2648 luceolum
1227 2586 1315 2667 apud

405 2706 533 2790 pullam
549 2708 769 2791 pulleiaoeum.

234 2941 272 3005 ln
298 2965 373 3008 voee
400 2944 605 3024 „baoeolum”
622 2943 846 3027 ¹Ruhnkenius
869 2943 948 3009 haee
970 2943 1151 3008 adnotavit:

237 3067 355 3149 „Reote
377 3069 441 3134 viri
464 3069 547 3135 dooti
567 3070 712 3134 soribunt
735 3070 932 3152 „baoelum”
946 3069 1031 3133 Nam
1044 3069 1176 3145 βάκηλος
1190 3067 1312 3134 Graece

188 3195 349 3281 signifieat
380 3195 610 3261 stolidum
634 3204 666 3262 et
689 3197 891 3262 inertem
918 3220 946 3262 v.
972 3195 1175 3282 Hesyehium
1200 3194 1232 3260 h.
1258 3197 1310 3261 v.”

188 3319 263 3385 Vox
298 3329 383 3387 oerto
420 3322 627 3402 „baoeolum”
662 3323 805 3388 difficilis
839 3330 886 3388 est
921 3323 1096 3409 explieatu‚
1128 3344 1186 3388 neo
1217 3323 1311 3388 video

188 3448 345 3532 quomodo
373 3469 415 3512 ex
443 3448 611 3544 „baeelus”
635 3449 755 3513 faotum
778 3449 821 3512 sit
846 3447 1044 3529 „baoeolus”
1069 3446 1178 3513 Verba
1202 3455 1309 3513 autem

187 3593 270 3658 quae
304 3574 452 3658 proxime
488 3581 666 3661 sequuntur
701 3575 733 3637 in
767 3573 880 3639 Rothii
904 3573 1044 3640 editione
1075 3573 1158 3638 nihil
1181 3596 1310 3660 prorsus

186 3697 379 3784 significant.

231 3823 270 3888 In
306 3825 416 3889 multis
446 3825 609 3891 oodioibus
640 3826 737 3891 etiam
761 3826 794 3888 in
819 3825 1014 3890 Memmiano
1037 3824 1190 3891 habetur:
1217 3826 1307 3891 baee-

185 3951 272 4016 olum
308 3959 340 4016 et
374 3951 460 4038 apud
495 3952 621 4038 pullum
657 3953 881 4039 pulleiaoeum.
914 3951 1084 4018 Oortianus
1114 3962 1146 4019 et
1168 3953 1307 4020 Vindob.

185 4098 234 4164 pr.
259 4077 404 4143 tradunt:
420 4127 427 4143 .
442 4128 450 4142 .
466 4127 495 4143 ..
520 4086 552 4143 et
575 4100 631 4165 pro
651 4079 776 4165 pullum
790 4079 1014 4166 pulleiaoeum.
1026 4079 1187 4167 Equidem
1199 4082 1307 4165 miror,

185 4204 213 4268 si
248 4203 299 4268 his
333 4204 524 4269 lectionibus
558 4206 734 4292 eonspeotis
768 4205 916 4272 dubitare
950 4207 1023 4293 quis
1047 4208 1147 4294 possit
1170 4208 1208 4273 de
1232 4230 1307 4274 vero

184 4350 281 4395 sensu
318 4335 349 4394 et
379 4329 418 4394 de
448 4331 588 4396 remedio
612 4331 710 4418 hujus
733 4333 804 4397 loei.
828 4332 938 4398 Faoile
961 4333 1048 4398 enim
1071 4355 1164 4398 omne
1188 4335 1307 4399 ineom·

183 4456 315 4522 modum
345 4458 512 4522 sustuleris
544 4459 571 4522 si
597 4458 703 4524 verbis
728 4437 917 4524 ultimorum
940 4459 1085 4526 oodioum
1109 4482 1182 4526 oum
1209 4462 1305 4527 levis·
