3370 5450
751 721 792 784 15

211 934 349 1021 „puero”
386 932 459 1020 quis
494 931 672 1018 dijudicet?
704 930 768 996 Pro
796 933 911 1014 „roro”
937 933 1084 999 meliores
1108 953 1183 996 sane
1207 931 1330 997 oodiees

209 1066 361 1147 puguant.
397 1061 444 1123 At
477 1059 652 1124 verisimile
688 1065 736 1123 est
770 1056 937 1124 Caesarem
970 1061 1039 1146 jam
1062 1065 1149 1123 -ante
1175 1065 1334 1144 peractam

210 1187 381 1272 pueritiam
417 1185 573 1271 quaedam
608 1183 727 1250 chartis
760 1184 937 1266 mandasse,
971 1185 1056 1250 inter
1078 1185 1196 1248 amieos
1219 1185 1337 1270 legisse

209 1318 241 1374 et
263 1333 319 1397 pro
339 1311 482 1397 juvenili
505 1310 616 1375 ardore
640 1308 787 1375 edidisse.

254 1436 367 1523 ltaque
401 1437 439 1502 de
473 1437 533 1502 hoe
565 1437 631 1502 loeo
662 1437 910 1524 disputationem
936 1459 999 1502 non
1025 1437 1247 1520 instituissem,
1271 1438 1335 1500 nisi

210 1563 293 1649 apud
321 1571 492 1629 nostratem
516 1563 675 1650 quendam
702 1603 742 1611 -
770 1553 988 1645 Modderman,
1013 1564 1163 1627 lectiones
1189 1561 1336 1628 Suetoni-

210 1710 292 1755 anae
323 1713 356 1776 p.
395 1692 440 1754 45
463 1731 505 1740 -
529 1691 625 1754 aliam
652 1690 744 1774 longe
769 1688 959 1754 dissimilem
984 1689 1152 1753 lectionem
1176 1710 1336 1753 commen-

211 1816 316 1878 datam
352 1815 503 1881 vidissem
531 1823 627 1901 atque
659 1816 694 1878 in
729 1815 864 1880 eandem
898 1815 965 1879 fere
998 1817 1212 1900 conjecturam
1237 1814 1334 1876 etiam

211 1940 512 2006 Reifferscheidium
537 1939 697 2005 iuoidisso.
717 1939 756 2003 In
771 1919 876 2004 verbis
893 1940 1062 2021 ,feruntur
1073 1947 1137 2005 eta
1148 1961 1247 2026 puero
1260 1988 1267 2002 .
1282 1989 1289 2002 .
1306 1988 1335 2003 ..

212 2068 366 2152 quaedam
401 2067 539 2153 seripta'’
575 2067 820 2152 ambiguitatem
857 2067 960 2130 inesse
984 2087 1002 2127 a
1027 2064 1174 2130 Suetonii
1197 2065 1338 2130 diotioue

212 2194 349 2258 alienam
392 2192 600 2257 Modderman
635 2193 782 2278 opinatus
818 2198 883 2274 est3
919 2192 1109 2277 ambiguum
1146 2191 1232 2255 enirn
1269 2213 1337 2256 esse

213 2324 320 2381 utrum
355 2317 521 2383 ablativus
553 2337 595 2398 ,a
626 2317 745 2404 puero'’
781 2317 939 2402 pertineat
972 2315 1011 2379 ad
1051 2317 1208 2400 „scripta”
1233 2337 1273 2379 an
1297 2317 1337 2379 ad

217 2442 413 2524 „feruntur”
449 2442 502 2506 vel
524 2443 635 2506 saltem
660 2441 835 2506 desiderari
859 2461 977 2504 nomeu
998 2442 1071 2526 ejus
1092 2461 1112 2504 a
1135 2463 1198 2527 quo
1225 2440 1337 2504 dieun-

213 2573 266 2630 tur
299 2567 454 2653 quaedam
490 2589 509 2631 a
543 2565 679 2630 Caesare
713 2587 782 2630 esse
817 2565 944 2651 scripta.
982 2563 1035 2627 Ex
1060 2564 1191 2628 roribus
1219 2571 1271 2645 ,et
1291 2565 1339 2628 ait

213 2691 307 2756 vero'’
351 2691 431 2756 illud
473 2712 588 2756 nomen
631 2691 798 2755 restituere
833 2703 963 2754 eonatus
980 2711 982 2715 ·
998 2689 1204 2754 Modderrnan
1240 2690 1336 2773 legit:

222 2816 389 2906 ,feruntur
429 2823 461 2881 et
503 2838 522 2879 a
556 2814 584 2889 Q
628 2816 798 2881 Tuberone
840 2817 880 2880 ab
914 2815 1153 2880 adulescentulo
1184 2815 1339 2902 quaedam

216 2941 366 3028 seripta.’'

264 3068 315 3132 Ne
348 3067 451 3132 dieam
481 3067 602 3152 legenti
636 3066 718 3130 mihi
751 3066 991 3152 repetitionem:
1026 3087 1133 3130 a....
1169 3067 1220 3148 ab,
1245 3068 1336 3134 valde

213 3193 444 3261 inoommodam
470 3194 572 3257 visam
596 3215 674 3275 esse,
696 3193 891 3278 ambiguitas
904 3213 923 3255 a
935 3193 1070 3257 lectione
1083 3191 1194 3257 Rothii
1208 3193 1336 3258 videtur

213 3321 342 3384 omnino
363 3320 482 3384 abesse.
510 3319 713 3400 „Feruntur”
735 3319 821 3383 enim
846 3338 941 3402 saepe
964 3318 1143 3408 generatim
1157 3319 1287 3403 ponitur
1299 3326 1335 3383 ut

214 3448 318 3512 active
357 3446 495 3528 ,dieunt
530 3445 637 3510 ferunt
671 3445 759 3527 eto'’;
797 3443 985 3524 „feruntur”
1023 3470 1062 3500 τ.
1099 3451 1265 3528 vagantur,
1302 3445 1335 3507 in

215 3573 363 3637 manibus
385 3578 469 3637 sunt.

260 3671 543 3763 Reifferscheidius
584 3691 680 3762 etiam
723 3717 838 3760 nomeu
873 3695 1004 3780 aliquod
1039 3696 1137 3759 latere
1172 3695 1337 3780 suspicans

216 3824 365 3910 oonjeoit:
407 3822 573 3904 ,feruntur
607 3830 643 3885 ut
677 3822 723 3884 ait
758 3820 887 3884 Tubero
922 3826 954 3883 et
988 3820 1029 3883 ab
1065 3818 1335 3882 adulescentulo.’'

215 3950 306 4025 Quae
348 3949 441 4013 leetio
484 3947 558 4011 lieet
598 3944 682 4008 mihi
716 3945 819 4030 magis
854 3965 951 4030 quam
987 3943 1042 4006 illa
1077 3942 1336 4007 Moddermannii

215 4077 376 4162 probetur,
400 4073 545 4137 neutrius
568 4079 673 4136 tamen
698 4091 827 4135 oausam
851 4077 899 4134 sat
922 4069 1068 4134 idoneam
1095 4069 1198 4136 video.
1212 4071 1337 4136 Textus

215 4202 302 4266 enim
336 4221 355 4264 a
389 4198 509 4263 Rothio
544 4205 699 4284 receptus,
734 4218 807 4260 eum
839 4202 951 4282 aptum
975 4216 1104 4258 sonsum
1129 4197 1284 4282 praebeat
1307 4204 1338 4261 et

215 4326 314 4390 simul
347 4348 443 4411 quam
475 4325 623 4412 proxime
653 4323 791 4386 amssis
814 4320 949 4403 recedat,
974 4322 1062 4385 omni
1087 4343 1129 4386 ex
1153 4327 1243 4408 parte
1265 4344 1337 4386 oon·

212 4454 357 4538 jeeturae
380 4452 529 4536 quamvis
553 4451 737 4536 ingeniosae
760 4454 808 4513 est
831 4447 1047 4533 praeferenda.
