3370 5450
899 699 940 759 34

358 906 471 971 inesse.
506 905 577 970 Etsi
608 908 692 972 enim
726 908 862 974 conferri
885 915 988 995 potest
1011 907 1098 974 Suet.
1123 909 1161 974 de
1185 909 1329 974 Gramm.
1356 912 1395 973 2:
1425 910 1479 991 ,O.

357 1033 512 1098 Octavius
543 1033 721 1121 Lampadio
747 1034 867 1100 Naevii
890 1035 1050 1100 Punicum
1073 1036 1204 1118 bellum,
1230 1037 1314 1123 quod
1340 1059 1403 1102 uno
1427 1062 1480 1102 vo·

357 1159 479 1224 lumino
510 1167 542 1225 et
572 1162 746 1225 continenti
774 1163 932 1247 scriptura
955 1164 1137 1249 expositum
1164 1163 1276 1227 divisit
1299 1164 1332 1226 in
1357 1169 1479 1250 septem

355 1283 485 1367 libros,‘’
521 1286 577 1349 ubi
612 1308 678 1350 vox
708 1287 885 1372 scripturae
912 1288 1008 1351 etiam
1042 1310 1136 1352 sensu
1161 1296 1270 1353 textus
1295 1296 1478 1376 usurpatur,

354 1432 416 1475 non
451 1411 535 1476 idem
572 1413 618 1477 ibi
653 1413 737 1499 quod
773 1413 824 1477 hic
860 1414 1063 1500 intelligitur.
1096 1414 1148 1480 Ibi
1180 1417 1265 1480 enim
1291 1416 1328 1480 dc
1351 1418 1479 1503 scriptis

355 1544 478 1602 tantum
514 1539 535 1602 i.
557 1561 584 1603 e.
617 1538 656 1604 de
680 1541 795 1603 litteris
819 1547 850 1603 ot
874 1540 1006 1604 vocibus
1029 1541 1139 1605 ordine
1164 1541 1339 1627 dispositis,
1364 1542 1416 1606 hic
1438 1543 1478 1608 de

353 1666 422 1752 ipso
445 1665 529 1752 quod
553 1667 680 1752 scriptis
704 1668 891 1731 enuntiatur
914 1688 1018 1731 sermo
1041 1674 1098 1732 est.

397 1790 577 1865 Quominus
601 1798 707 1857 autem
733 1801 838 1857 nostro
858 1793 925 1857 loco
947 1814 1009 1857 vox
1030 1793 1207 1879 scripturae
1219 1795 1338 1859 intacta
1351 1804 1478 1861 maneat

350 1916 439 1981 aliud
463 1917 541 2004 quid
565 1919 669 2004 majus
694 1919 789 1982 etiam
816 1918 928 1982 obstat.
953 1917 1057 2004 Leges
1082 1918 1179 2001 enim,
1199 1919 1238 1983 de
1258 1920 1377 2005 quibus
1408 1921 1476 2007 agi·

350 2050 411 2129 tur,
436 2067 638 2133 nequaquam
662 2047 799 2132 scriptae
823 2052 931 2128 crant3
955 2066 1032 2130 crgo
1056 2047 1214 2132 scriptura
1226 2047 1398 2111 earundem
1412 2069 1475 2111 non

349 2178 471 2259 poterat
497 2173 649 2257 ignorari.

393 2298 504 2362 Restat
528 2298 629 2383 igitur
652 2304 688 2360 ut
711 2303 767 2360 aut
789 2317 862 2359 cum
886 2294 1073 2358 Burmanno
1094 2295 1239 2358 voculam
1262 2295 1343 2360 hanc
1363 2296 1471 2381 ejicia·

348 2449 429 2508 mus,
464 2433 521 2490 aut
554 2447 624 2490 cam
661 2446 703 2488 ex
734 2424 799 2488 alia
822 2444 891 2488 esse
913 2409 1094 2508 corruptam’
1119 2429 1279 2508 putemus.
1305 2421 1470 2496 Quaenam

347 2552 445 2617 fuerit
468 2553 525 2616 illa
548 2553 648 2616 altera
673 2572 737 2616 vox
761 2550 847 2615 latet.

391 2678 547 2761 Profecto,
582 2678 613 2742 si·
648 2678 864 2763 „scripturae”
901 2676 1059 2762 ejiciatur,
1084 2675 1167 2738 nihil
1190 2681 1238 2739 est
1260 2676 1293 2738 in
1314 2675 1471 2740 sententia

346 2803 430 2889 quod
464 2803 612 2886 offendat,
644 2824 701 2867 nec
732 2804 905 2888 quicquam
929 2801 1137 2866 desideratur.
1161 2800 1233 2866 Lex
1258 2809 1325 2866 erat
1348 2801 1469 2866 indicta

346 2936 480 3012 tantum,
517 2929 658 2994 nondum
692 2929 870 3015 proposita;
906 2949 1004 3014 quaro
1040 2949 1097 3013 per
1127 2927 1340 3011 ignorantiam
1365 2927 1468 2991 multa

344 3057 513 3121 commissa
536 3056 665 3121 fiebant.
689 3054 827 3119 Videtur
850 3054 882 3118 id
907 3055 1036 3118 omnino
1060 3053 1206 3118 Suetonii
1226 3075 1312 3118 more
1332 3053 1465 3138 dictum,

343 3193 375 3248 et
398 3183 609 3269 quodcunque
632 3182 792 3247 addideris
816 3204 872 3268 pro
897 3181 967 3245 luce
991 3182 1136 3246 tenebras
1159 3180 1338 3246 induxeris.

387 3310 535 3373 Fortasse
566 3329 631 3373 vox
666 3309 882 3394 „scripturae”
913 3328 933 3370 a
963 3308 1146 3392 glossatore,
1178 3306 1308 3391 linguas
1331 3305 1466 3370 Latinae

342 3456 404 3500 non
440 3437 484 3499 ita
516 3434 627 3521 perito,
659 3434 692 3496 in
725 3435 869 3518 margins
892 3433 1052 3519 adscripta
1076 3438 1186 3519 postea
1210 3432 1244 3497 in
1267 3439 1395 3498 textum
1418 3440 1466 3498 cst

344 3566 478 3646 recepta.

523 3890 556 3957 O.
591 3892 644 3955 41.
676 3893 733 3975 Ar,
762 3913 799 3954 ae
821 3892 905 3977 qaod
927 3912 988 3956 aaa
1011 3891 1233 3955 manubiarum
1254 3912 1353 3972 penus
1376 3913 1464 3971 cmpe-

562 4020 691 4096 riretur,
715 4018 855 4097 lupanar
874 4019 909 4081 iii
931 4017 1057 4081 Palatio
1068 4018 1235 4099 constituit,
1249 4017 1463 4101 distinctisque

561 4150 589 4206 ct
611 4144 772 4207 instructis
789 4166 851 4228 pro
874 4144 930 4208 loci
952 4144 1106 4227 dignitate
1128 4143 1211 4205 cellis
1233 4150 1284 4205 etc.

383 4451 421 4514 In
456 4453 652 4538 praefatione
685 4451 798 4516 Rothii
832 4452 1018 4517 adnotatum
1053 4458 1117 4517 cst:
1153 4452 1375 4538 distinctisque
1409 4450 1460 4515 ed.
