3370 5450
900 679 940 741 54

349 888 501 954 salutavit
536 887 632 974 idque
663 888 791 954 nomine
822 911 875 955 eos
906 910 1030 972 vooans,
1055 890 1124 956 sive
1157 895 1222 955 tras
1245 889 1381 973 ordines,
1406 890 1476 955 sive

347 1014 493 1100 singulos
515 1014 637 1079 ordinis
659 1016 817 1100 cujusque
843 1015 927 1081 viros
951 1016 1081 1081 nomine
1102 1017 1278 1102 appellans.

394 1139 577 1228 Utrumque
603 1147 711 1206 autem
735 1140 865 1206 difficile
888 1146 936 1206 est
959 1142 1132 1228 explicatu.
1157 1141 1237 1206 Tres
1260 1142 1386 1207 ordines
1409 1163 1476 1207 me·

348 1267 479 1332 moriter
511 1267 650 1331 salutare
684 1287 746 1331 non
764 1253 816 1331 'ita
839 1287 991 1352 magnum
1015 1275 1083 1333 erat
1107 1273 1143 1332 ut
1170 1267 1297 1354 seriptis
1322 1267 1475 1331 mandan-

349 1393 427 1458 dum
463 1398 555 1476 esset,
590 1393 735 1478 singulos
771 1393 856 1458 viros
891 1394 1021 1459 nomine
1055 1394 1217 1480 appellare
1248 1395 1353 1481 majus
1376 1415 1476 1480 quam

349 1517 434 1606 quod
457 1517 544 1582 aredi
566 1518 675 1604 possit.
701 1515 855 1583 Meudum
880 1518 979 1583 latore
1001 1517 1208 1584 manifestum
1232 1525 1289 1584 est.

394 1643 477 1709 (ium
501 1666 586 1726 vero,
610 1665 692 1730 quae
717 1643 775 1709 hoo
802 1645 906 1731 eapite
930 1643 969 1709 de
993 1643 1122 1709 Nerone
1144 1651 1324 1728 narrantur,
1344 1644 1476 1709 fiantad

350 1770 542 1836 imitandum
563 1770 761 1855 Augustum,
787 1770 872 1856 quod
893 1770 986 1835 initio
1006 1769 1104 1857 hujus
1127 1771 1242 1857 eapitis
1254 1778 1303 1836 est
1314 1771 1479 1858 praefatus

350 1897 494 1983 scriptor,
518 1902 733 1983 opportunum
757 1897 819 1961 erit
842 1895 984 1961 conferre
1007 1916 1090 1981 quae
1110 1897 1145 1959 in
1157 1897 1224 1961 vita
1236 1895 1381 1982 Augusti
1392 1919 1417 1963 o.
1434 1899 1475 1960 53

350 2023 538 2090 traduntur:
567 2023 649 2106 „Die
673 2029 803 2089 senatus
826 2044 985 2110 nusquam
1010 2032 1115 2110 patres
1139 2024 1202 2087 nisi
1226 2023 1259 2086 in
1283 2024 1372 2087 ouria
1391 2024 1477 2088 salu·

348 2150 430 2216 tavit
461 2157 492 2216 et
519 2149 651 2236 quidem
675 2115 833 2230 sedentis·
846 2170 883 2213 aa
906 2149 1096 2214 nominatim
1120 2149 1264 2233 singulos
1286 2149 1376 2214 nullo
1399 2149 1476 2213 sub·

350 2276 531 2342 monento.'’
568 2275 687 2341 Deesse
710 2281 815 2340 nostro
838 2275 905 2340 loeo
927 2275 1071 2361 aliquam
1095 2297 1205 2340 vocem
1229 2296 1294 2361 qua
1316 2282 1477 2342 senatores

350 2402 558 2487 designentur
580 2401 654 2487 quis
677 2401 796 2484 neget?
819 2399 989 2464 Exoidisse
1012 2400 1137 2487 aliquid
1161 2400 1298 2484 videtur,
1321 2422 1358 2465 ao
1377 2400 1476 2467 donee

350 2528 464 2592 melior
497 2527 628 2592 fortasse
662 2526 762 2591 oodex
787 2527 974 2613 reperiatur,
1000 2528 1057 2613 qui
1082 2528 1214 2599 verbum
1239 2527 1394 2592 omissum
1417 2549 1475 2592 ex-

351 2655 446 2740 pleat,
473 2652 677 2718 scribendum
701 2673 814 2718 censeo
837 2652 922 2740 quod
946 2653 1022 2718 olim
1047 2652 1180 2740 Lipsius
1204 2660 1253 2718 est
1274 2654 1474 2740 suspicatus:

351 2778 465 2842 Omnis
488 2783 647 2843 senatores
671 2777 781 2842 ordine
805 2777 941 2842 subinde
964 2799 1001 2842 ao
1024 2779 1208 2843 memoriter
1230 2778 1390 2844 salutarit.

531 3155 563 3218 θ.
602 3153 652 3218 12.
691 3152 843 3216 Exhibuit
867 3158 970 3217 autern
992 3153 1036 3217 ad
1059 3154 1183 3236 ferrura
1206 3155 1299 3218 etiam
1322 3155 1473 3239 quadrin-

569 3287 674 3362 gentos
697 3285 857 3344 senatores
879 3286 1094 3366 sexcentosque
1117 3285 1235 3363 equites
1258 3284 1424 3370 Romanos,
1445 3295 1474 3350 et

571 3407 721 3490 quosdam
752 3405 902 3490 fortunae
932 3415 1026 3492 atque
1056 3410 1293 3474 existimationis
1319 3413 1470 3497 integrae.

394 3664 481 3740 Quid
516 3664 631 3729 ultima
666 3666 763 3730 verba
786 3666 992 3752 significanti
1019 3667 1232 3734 Manebautne
1255 3670 1385 3756 quidam
1410 3671 1472 3737 for·

349 3798 445 3856 tunae
476 3796 572 3877 atque
603 3792 852 3856 existimationis
875 3794 1028 3878 integrae,
1052 3793 1129 3858 dum
1153 3796 1375 3882 gladiatoriam
1399 3820 1472 3884 ope·

350 3938 417 3981 ram
449 3917 659 4002 praestabant,
685 3919 782 3982 osteri
815 3940 891 3984 vero
914 3942 956 3984 ex
980 3920 1223 4006 quadringentis
1247 3925 1473 4011 sexcentisque

349 4043 415 4108 illis
438 4042 596 4108 fortunam
621 4051 652 4109 et
671 4045 944 4111 existimationem
964 4048 1161 4112 amiserant?
1174 4047 1261 4114 Voee
1277 4050 1471 4136 „quosdam”

348 4178 433 4234 eerte
463 4169 689 4256 intelliguntur
711 4172 857 4236 nonnulli
881 4194 923 4236 ex
947 4173 1058 4239 ordine
1081 4176 1238 4240 senatorio
1262 4182 1294 4240 et
1318 4178 1470 4263 equestri.

351 4294 466 4359 Statim
490 4296 575 4361 enim
600 4298 825 4383 subjungitur:
851 4319 893 4363 ex
919 4298 1034 4364 iisdem
1057 4300 1222 4366 ordinibus
1246 4308 1304 4369 eto.

394 4419 479 4505 Ergo
511 4422 656 4508 plerique
686 4423 807 4488 ordinis
830 4426 981 4489 senatorii
1004 4433 1036 4490 et
1059 4429 1227 4513 equestris,
1250 4450 1323 4493 oum
1349 4431 1381 4493 in
1405 4450 1472 4493 am·
