3370 5450
730 743 770 805 67

181 955 364 1019 universam
397 953 545 1019 libertate
578 952 725 1038 donavit3
756 952 918 1040 simulque
936 953 1063 1039 judiees
1086 953 1215 1019 civitate
1238 951 1302 1018 Ro·

181 1101 275 1144 mana
316 1087 348 1145 et
388 1079 524 1166 pecunia
558 1078 703 1164 grandi’'.
740 1078 835 1144 Nunc
870 1079 1025 1166 pecuniae
1059 1101 1155 1166 egens
1191 1079 1306 1145 eadem*

183 1207 325 1293 praemia
366 1206 512 1292 reposcit.
547 1203 655 1268 Etiam
691 1205 864 1291 imperator
897 1203 1002 1270 Galba
1035 1206 1132 1270 stulta
1167 1205 1305 1272 Neronis

183 1332 308 1398 decreta
348 1332 526 1396 aboliturus
561 1331 704 1418 praemia
737 1331 813 1395 olim
850 1331 924 1395 data
957 1332 1155 1398 revocavisse
1188 1331 1306 1397 dicitur

183 1458 268 1545 apud
292 1457 499 1545 Xiphilinum
524 1457 561 1521 L.
586 1458 626 1520 63
651 1478 676 1524 e.
693 1459 733 1521 14
747 1459 775 1520 ἐν
788 1458 818 1520 δὲ
831 1464 892 1528 τοῖς
905 1457 1085 1534 Ὀλυμπίοις
1098 1456 1181 1538 άρρια
1193 1456 1306 1528 ἐλάσας

184 1583 234 1647 καὶ
265 1585 359 1646 πεσὼν
386 1580 419 1656 ἐξ
442 1584 533 1647 αὐτοῦ
554 1583 605 1646 καὶ
629 1582 726 1660 ὀλίγον
750 1581 992 1661 §saucomarias
1016 1579 1094 1658 ὅμως
1119 1581 1304 1661 ἐστεφανώθη

184 1707 235 1773 καὶ
258 1708 307 1772 διά
331 1712 413 1773 τοῦτο
436 1707 487 1771 καὶ
510 1716 572 1779 τοῖς
593 1708 791 1778 ἑλλανοδίκας
812 1707 868 1778 τάς
891 1705 1040 1770 nicaeani
1053 1703 1139 1771 sinoce
1152 1706 1306 1788 μυριάδας,

184 1834 221 1907 άς
241 1833 354 1915 ὕστερον
377 1834 504 1913 Γάλβας
527 1836 597 1915 παρ’
622 1837 718 1899 αὐτῶν
742 1835 904 1915 intranea,
930 1832 1041 1898 ἔδωκεν.

230 1961 308 2026 Orta
337 1969 385 2027 est
408 1962 588 2048 corruptela
610 1961 751 2048 simplici
775 1960 1021 2046 transpositione
1043 1959 1240 2053 verboruma
1256 1981 1306 2024 co·

185 2110 277 2153 nonas
312 2095 344 2153 et
378 2089 556 2170 civitatum,
593 2107 657 2173 qua
693 2085 775 2151 facta
808 2090 916 2172 postea
946 2085 1044 2149 etiam
1075 2105 1166 2149 casus
1190 2086 1309 2149 mutari

185 2235 266 2301 opus
290 2212 363 2278 luit.

366 2499 400 2565 0.
433 2499 485 2565 33.
517 2498 606 2580 Quod
628 2503 784 2582 acceptam
807 2519 828 2561 o
851 2497 989 2579 quadam
1011 2497 1156 2583 Locusta,
1179 2519 1307 2562 aecana

408 2627 528 2690 riorum
550 2625 651 2690 indica
674 2630 726 2689 ctc.

230 2837 400 2903 Locustam
432 2837 532 2902 fuisse
556 2837 801 2903 uenenariorum
824 2836 963 2902 indicem
986 2838 1114 2903 nonnisi
1136 2837 1196 2902 hoc
1217 2836 1310 2901 modo

185 2963 343 3050 explicari
378 2970 496 3050 potest:
534 2962 634 3029 fuisso
664 2963 808 3049 aliquam
838 2984 966 3029 causam
997 2964 1155 3046 veneficii,
1187 2965 1309 3051 inqua

185 3089 325 3154 Locusta
340 3182 341 3188 ἵ
359 3096 396 3154 ut
430 3089 554 3155 debitas
588 3110 704 3180 poenas
734 3069 893 3176 effugeret
916 3091 995 3156 alios
1018 3089 1175 3157 veneficos
1197 3097 1308 3177 sponte

187 3215 393 3281 indicaverat.
428 3214 478 3281 Do
512 3215 569 3280 tali
604 3220 712 3280 autem
744 3236 840 3280 causa
869 3224 901 3281 et
932 3216 1014 3281 facto
1045 3215 1202 3281 Locustae
1226 3216 1309 3280 nihil

186 3341 335 3405 innotuit.
372 3339 444 3404 Tac.
479 3340 517 3404 L.
545 3341 583 3402 13
608 3361 633 3405 c.
662 3341 701 3403 15
727 3339 813 3405 Anu.
837 3340 877 3406 de
901 3362 937 3406 ea
962 3342 1007 3406 ita
1029 3340 1188 3427 loquitur:
1217 3344 1308 3423 „atti-

185 3465 322 3530 nebatur
354 3464 502 3529 damnata
533 3464 682 3530 veneficii
704 3466 833 3531 nomine
856 3465 1003 3548 Locusta,
1027 3467 1129 3531 multa
1152 3468 1308 3533 scelerum

186 3592 303 3676 sama'’‚
339 3599 371 3658 ot
404 3593 442 3656 L.
478 3594 518 3655 12
541 3614 567 3657 c.
593 3593 652 3658 66:
681 3592 855 3678 „deligitur
874 3591 992 3658 artilex
1017 3593 1131 3658 talium
1154 3594 1308 3660 vocabulo

186 3718 334 3801 Locusta,
369 3740 473 3804 nuper
502 3718 651 3783 veneficii
682 3717 832 3783 damnata
856 3726 888 3783 et
910 3718 967 3783 diu
990 3719 1075 3785 inter
1097 3721 1308 3785 instrumenta

185 3843 279 3929 regni
302 3843 443 3908 habita.’'
467 3842 530 3908 Dio
554 3843 592 3907 L.
618 3844 660 3907 60
683 3865 709 3908 c.
734 3844 776 3906 84
796 3843 899 3909 dedit:
922 3845 1131 3926 „nosocomo
1150 3852 1306 3926 τααφαρ-

186 3967 302 4046 μακῖδα
325 3970 492 4050 περιβόητον
516 3969 767 4050 μετεπέμψατο.”

231 4094 284 4159 Ex
319 4095 437 4181 quibus
461 4094 537 4160 locis
560 4095 643 4158 nihil
666 4099 850 4182 computare
873 4096 948 4162 licet
970 4098 1032 4161 nisi
1055 4098 1226 4164 Locustam
1250 4101 1307 4164 ali-

187 4222 312 4309 quoties
344 4221 475 4288 fortasse
505 4223 545 4287 ob
577 4222 767 4288 veneficium
793 4223 826 4286 in
850 4224 979 4289 vincula
1000 4226 1175 4292 coniectam
1198 4224 1308 4306 luisse,

188 4347 316 4411 interim
347 4352 454 4412 tamen
484 4368 503 4411 a
534 4348 735 4435 principibus
758 4347 920 4413 occasione
942 4347 1015 4413 data
1037 4371 1106 4415 esse
1129 4348 1306 4414 adhibitam

187 4480 225 4540 ut
248 4473 333 4539 hunc
356 4473 408 4539 vel
432 4474 524 4538 illum
548 4474 766 4540 adversarium
790 4473 872 4538 olam
895 4475 1050 4544 tollerent.
