3370 5450
769 697 811 757 45

230 907 320 970 illum
356 928 527 974 numerum
563 928 731 994 operarum
762 905 912 972 adfuisse.
946 904 1033 980 Quid
1057 925 1133 970 voce
1161 903 1353 984 „continuo”

229 1032 364 1098 addatur
386 1055 449 1099 non
472 1034 575 1101 video.

273 1158 312 1222 In
346 1160 483 1224 eundem
518 1181 658 1226 errorem
693 1159 844 1224 incidisse
879 1158 961 1222 mihi
995 1158 1122 1223 videtur
1146 1156 1352 1221 Burmannus

228 1306 300 1349 cum
337 1292 542 1372 proponeret:
579 1292 649 1372 post
683 1284 831 1351 undecim
865 1306 964 1349 annos
995 1285 1171 1366 continuos,
1203 1285 1352 1370 quamvis

229 1408 329 1472 XXX
352 1409 519 1475 hominum
544 1412 675 1476 milibus
699 1418 756 1477 etc.
782 1410 818 1474 si
841 1411 927 1503 enim
948 1411 1017 1475 sinc
1039 1410 1275 1475 intermissione
1296 1431 1352 1495 per

229 1534 378 1599 undecim
413 1547 511 1601 annos
545 1537 666 1622 operati
698 1542 782 1618 sunt,
806 1557 868 1600 nou
900 1542 1003 1622 potest
1026 1535 1168 1600 dubitari
1193 1536 1271 1621 quin
1296 1536 1351 1601 ille

228 1661 318 1725 labor
348 1683 405 1748 per
433 1684 532 1728 annos
562 1663 728 1728 continuos
759 1663 861 1727 faetus
884 1663 935 1726 sit.
961 1660 1071 1727 Solum
1097 1661 1180 1747 quod
1204 1660 1352 1726 adhiberi

229 1789 329 1874 possit
360 1763 536 1854 remedium
569 1795 618 1855 111
647 1795 683 1853 11
715 1790 849 1854 verbum
878 1787 1089 1870 „continuis'’‚
1114 1787 1198 1874 quod
1222 1787 1351 1851 omniuo

166 1961 169 1968 -
228 1914 369 1980 abundet
402 1923 434 1980 et
467 1937 625 2002 nusquam
663 1937 792 1980 sensum
829 1916 978 1980 idoneum
1016 1915 1174 2002 praebeat,
1210 1915 1348 1980 tollatur.

229 2039 332 2114 Quam
358 2042 451 2108 facilc
474 2044 631 2134 glossema
654 2043 688 2106 in
712 2049 837 2108 textum
864 2042 1004 2129 potuerit
1028 2043 1166 2129 irrepere
1190 2063 1283 2107 nemo
1303 2049 1351 2106 est

228 2168 286 2253 qui
309 2189 371 2233 non
394 2169 511 2236 videat.

409 2382 443 2449 O.
468 2384 521 2450 21.
545 2385 702 2448 immtatis
723 2386 879 2448 interdum
898 2384 1350 2468 11νὶ9111111111111111111111;

450 2510 552 2594 qualis
574 2517 619 2574 est
641 2517 677 2574 at
700 2532 857 2578 cam...

273 2682 323 2747 Ita
356 2684 512 2770 scriptum
543 2692 591 2750 111
620 2686 654 2748 11
685 2686 848 2772 plerisque
879 2684 1052 2751 codicibus.
1077 2684 1117 2748 In
1141 2684 1351 2752 Perizoniano

226 2813 344 2891 tamen,
370 2807 575 2876 Harlemensi
599 2816 631 2875 ct
655 2808 805 2876 Cortiano
828 2811 917 2876 deest
942 2811 1029 2893 „ut”,
1051 2832 1113 2897 qua
1134 2812 1350 2897 voculaequi-
1470 2829 1473 2836 ’

226 2934 300 3000 dem
330 2935 466 3001 libenter
497 2957 631 3003 caream.
664 2937 718 3000 Ad
744 2938 929 3024 exemplum
953 2936 1151 3001 afferendum
1175 2934 1348 3001 Suetonius

226 3061 365 3128 scribere
387 3064 509 3150 potuit:
534 3070 571 3127 ut
593 3085 666 3128 cum
690 3070 761 3146 111,
785 3064 853 3129 vel:
877 3063 982 3150 qualis
1005 3069 1053 3128 est
1076 3068 1220 3128 cumeto.
1236 3061 1347 3125 Unum

225 3188 278 3253 vel
300 3188 437 3254 alterum
461 3189 588 3273 sufficit,
611 3190 706 3254 ambo
729 3196 852 3256 nocent.
872 3189 997 3275 ltaque,
1018 3210 1057 3253 ne
1077 3188 1127 3252 bis
1140 3187 1346 3274 inepteidem

225 3313 359 3400 dicatur,
383 3316 556 3402 legandum
580 3337 708 3382 censeo:
733 3316 838 3402 qualis
862 3321 909 3380 111
932 3337 1003 3380 cum
1019 3365 1026 3381 .
1041 3365 1048 3381 .
1063 3365 1092 3381 ..

270 3443 324 3506 Ad
359 3444 495 3508 altarum
531 3443 718 3529 exemplum
752 3440 946 3506 narrandum
981 3441 1103 3527 pergit:
1136 3439 1223 3503 Illud
1253 3440 1347 3526 plane

224 3570 433 3655 quantumvis
456 3569 628 3633 salubriter
650 3576 682 3633 11
704 3569 738 3631 in
761 3575 920 3654 tempore:
945 3588 1017 3631 cum
1042 3572 1091 3631 etc
1094 3616 1191 3633 .....

270 3679 370 3760 Plura
405 3695 439 3758 in
471 3695 522 3759 his
552 3695 659 3760 verbis
683 3716 734 3760 me
758 3693 923 3760 offendunt
947 3693 1093 3778 mihique
1115 3693 1347 3757 dubitationem

224 3821 384 3907 injiciunt.

270 3944 446 4032 Imprimis,
470 3967 543 4010 oum
568 3952 786 4032 exspectarem
811 3944 948 4008 alterum
964 3945 1073 4030 jocum
1093 3941 1260 4026 frigidum,
1273 3942 1347 4006 sub·

220 4075 333 4159 juncto
367 4072 479 4159 „plane
503 4073 732 4157 quantumvis'
752 4073 844 4158 jocus
868 4070 920 4134 hic
944 4075 1052 4134 contra
1074 4068 1176 4132 salsus
1200 4075 1232 4131 et
1254 4075 1348 4153 aptus
1386 4159 1388 4163 Ι

224 4169 289 4263 dici
314 4198 449 4265 videtur.

270 4325 395 4390 Deinde
428 4347 490 4389 vox
524 4313 657 4411 „plane”
691 4323 822 4388 molesta
852 4327 917 4404 est;
949 4319 1032 4383 nihil
1055 4320 1140 4384 enim
1165 4299 1351 4402 significare

224 4457 328 4538 potest
351 4451 415 4514 uisi
442 4452 601 4537 „aperte'’.
