3370 5450
502 1053 535 1119 0.
571 1053 624 1117 32.
659 1053 824 1118 Revocavit
853 1056 882 1116 et
903 1050 1046 1130 proemia
1068 1067 1264 1130 coronarum,
1288 1066 1368 1130 quoe
1389 1065 1445 1108 un·

544 1200 639 1264 qucum
661 1179 718 1242 eibi
740 1179 878 1241 civitates
900 1177 935 1238 iet
959 1175 1178 1239 certaminibus
1200 1172 1389 1237 detulissent.

367 1402 631 1489 Interpretatores
676 1401 773 1466 verba
817 1400 873 1462 illa
916 1399 961 1463 sic
999 1398 1162 1492 explicare
1197 1397 1314 1462 solent:
1351 1395 1448 1478 Nare,

322 1549 395 1593 oum
420 1533 513 1592 antea
536 1527 695 1612 benignus
719 1546 848 1590 coronas
871 1525 911 1589 ob
937 1524 1086 1589 victorias
1110 1529 1283 1610 reportatas
1307 1542 1448 1587 recusas·

323 1660 380 1736 set,
414 1675 500 1718 nuno
536 1653 678 1738 praemia
713 1652 820 1716 omnia
854 1650 1042 1737 aqualibet
1064 1650 1195 1715 civitate
1219 1669 1361 1735 unquam
1386 1649 1449 1712 sibi

323 1781 448 1846 decreta
471 1782 591 1866 exegit.
616 1779 705 1844 Huic
729 1785 837 1844 autem
862 1777 1071 1864 explicationi
1095 1778 1188 1863 plura
1210 1777 1345 1840 obstant.

368 1906 479 1972 Primo
513 1905 706 1992 significatio
742 1905 832 1970 verbi
868 1903 1048 1984 revocandi,
1084 1923 1167 1989 quae
1201 1922 1263 1966 non
1299 1907 1346 1966 est
1380 1902 1450 1967 exi·

324 2055 400 2119 gera
435 2053 518 2119 qnae
551 2039 625 2097 ante
658 2031 808 2118 sprevisti
844 2030 898 2095 sed
934 2051 1097 2117 reposcere
1120 2049 1203 2115 quae
1226 2035 1299 2093 ente
1323 2027 1449 2092 dedisti.

325 2157 391 2223 Otr.
424 2182 453 2222 v.
467 2179 498 2243 g.
528 2179 551 2221 a.
577 2159 619 2220 44
647 2163 703 2238 ,ut
727 2157 874 2244 plerique
897 2177 1024 2221 omnem
1048 2156 1247 2221 collationem
1273 2157 1378 2243 palam
1403 2176 1452 2220 re·

325 2290 480 2365 ausarent,
505 2305 658 2348 consensu
683 2283 874 2368 flagitantes,
897 2303 916 2346 a
940 2282 1135 2348 delatoribus
1156 2285 1263 2370 potius
1276 2282 1452 2348 revocanda

326 2411 469 2498 praemia
493 2430 704 2495 quaeeunque
728 2410 917 2496 cepissent.”
940 2407 1085 2474 Secundo
1097 2409 1209 2474 modus
1222 2409 1337 2495 agendi
1351 2409 1452 2475 Nero-

326 2536 386 2619 nis,
411 2536 469 2622 qui
492 2556 590 2622 supra
612 2541 660 2600 est
683 2534 871 2622 descriptus,
896 2556 922 2599 o.
947 2536 1004 2598 22⁰
1031 2535 1220 2617 ,Achaiam
1241 2542 1278 2600 nt
1297 2535 1452 2618 diximus,

327 2663 417 2749 petit,
442 2661 516 2726 hino
541 2663 685 2726 maxime
710 2667 832 2726 motus:
857 2661 1063 2754 instituerant
1086 2663 1242 2745 civitatee,
1267 2661 1453 2748 apudvquas

327 2788 443 2852 musici
477 2807 594 2872 agones
630 2786 680 2851 edi
714 2787 824 2867 solent,
849 2808 958 2852 omnes
982 2786 1235 2852 citharoedorum
1261 2807 1390 2852 coronas
1413 2786 1452 2850 ad

328 2914 437 3000 ipsum
461 2913 598 2978 mittere.
625 2911 688 2976 Eas
711 2912 788 2977 adeo
813 2919 903 2997 grata
923 2913 1110 2999 accipiebat,
1123 2919 1159 2976 nt
1170 2913 1302 2998 legatos,
1314 2913 1371 3000 qui
1384 2935 1453 2999 per·

329 3039 488 3122 tulissent,
525 3059 586 3103 non
623 3037 716 3102 modo
747 3038 867 3124 primos
891 3031 1090 3121 'admitteret
1115 3038 1170 3104 sed
1195 3040 1290 3104 etiam
1316 3039 1455 3103 familia-

329 3165 419 3229 ribus
452 3164 557 3250 epulis
593 3164 809 3250 interponeret
842 3165 922 3230 etc.”
947 3162 1013 3228 cfr.
1038 3165 1135 3230 etiam
1160 3187 1185 3229 a.
1211 3167 1253 3228 24
1280 3187 1456 3246 ,exeussus

330 3312 426 3356 curru
450 3311 486 3354 ao
510 3311 621 3354 rursus
645 3291 804 3376 repositus
829 3312 902 3355 oum
927 3291 1099 3377 perdurare
1122 3312 1184 3356 non
1205 3298 1320 3378 posset,
1334 3292 1457 3358 destitit

330 3429 404 3482 ante
435 3415 623 3500 decursum3
655 3438 759 3503 neque
783 3439 820 3481 eo
844 3417 943 3482 setius
968 3411 1134 3482 coronatus
1157 3423 1205 3482 est
1228 3417 1309 3484 etc.''
1335 3415 1400 3481 cfr.
1424 3417 1457 3482 et

330 3544 394 3607 alia
429 3544 535 3630 oepita
569 3543 601 3608 tt
636 3543 801 3631 Xiphilini
838 3543 874 3607 L.
900 3545 940 3607 63
976 3566 1002 3610 o.
1039 3545 1088 3606 21.
1125 3543 1198 3608 Non
1233 3544 1335 3629 igitur
1370 3542 1458 3608 Nero

331 3690 461 3734 coronae
495 3675 697 3733 recusaverat
729 3668 782 3733 sed
807 3689 905 3754 quam
929 3669 1084 3756 plurimes
1109 3669 1271 3755 usquead
1296 3670 1384 3734 mille
1407 3691 1457 3734 oc·

333 3795 493 3880 tingentes
519 3800 551 3858 et
574 3800 643 3857 octo
666 3802 830 3880 acceperat
854 3795 960 3882 iisque
984 3796 1115 3882 gloriari
1138 3795 1269 3861 solebat.

379 3919 453 3984 Jam
481 3921 514 3983 in
539 3919 646 3985 codiee
669 3918 843 3984 Ursiniano
867 3942 963 4006 quem
988 3921 1365 4008 dieuntreperiturquee
1376 3921 1459 3985 mihi

335 4067 411 4112 vera
435 4047 529 4111 lectio
553 4045 790 4112 videturesse:
814 4047 975 4112 revocavit
988 4053 1019 4113 et
1031 4048 1173 4134 proemia
1185 4048 1363 4130 civitatum,
1376 4067 1460 4133 qnae

335 4193 477 4258 unquam
509 4173 571 4237 sibi
604 4194 732 4239 coronas
761 4173 795 4236 in
819 4173 1048 4238 certaminibus
1072 4172 1270 4238 detulissent.
1294 4172 1461 4254 Quomodo

335 4298 421 4364 Nero
450 4298 577 4384 judiees
609 4299 673 4362 sibi
705 4297 848 4363 faventes
881 4298 1079 4364 remunerari
1106 4299 1149 4362 sit
1179 4298 1292 4363 solitus
1315 4304 1463 4362 narratur

335 4448 365 4490 v.
379 4447 410 4512 g.
445 4447 472 4490 o.
509 4426 568 4489 24:
609 4423 793 4512 „Decedeus
828 4424 943 4491 deinde
976 4463 1016 4474 -
1049 4424 1175 4512 theja
1199 4463 1238 4472 —
1265 4424 1462 4512 provinciam
