3370 5450
725 714 764 776 19

221 928 343 993 Looum
377 927 463 992 huno
497 947 572 1010 ergo
606 925 652 989 sio
687 924 839 1010 legerim:
877 922 925 987 Ea
958 944 1037 1008 gens
1071 942 1091 985 a
1122 920 1299 1008 Tarquinio

176 1056 287 1120 Priseo
321 1056 407 1120 inter
440 1053 601 1119 Romanas
635 1054 740 1138 gentis
773 1052 906 1133 adlecta,
942 1053 976 1116 in
1014 1058 1160 1117 senatum
1182 1072 1302 1115 moxa

177 1181 289 1247 Servio
313 1180 422 1245 Tullio
445 1187 477 1244 et
500 1181 533 1242 in
558 1179 708 1266 patricias
733 1180 900 1243 traduota.
916 1227 923 1241 .
938 1227 968 1241 ..

223 1307 394 1374 Praeterea
428 1313 605 1372 memoratu
630 1305 765 1391 dignum
789 1304 871 1368 mihi
896 1305 1024 1369 ridetur
1046 1304 1131 1391 quod
1154 1303 1194 1367 ad
1217 1302 1304 1367 huno

179 1436 283 1501 losum
311 1433 527 1518 Shuekburgh
552 1435 586 1497 in
610 1453 669 1497 sua
692 1433 831 1498 editione
858 1432 982 1513 ,Divus
1006 1431 1185 1516 Augustus,
1209 1428 1303 1494 Oam·

179 1562 292 1648 bridge
317 1561 424 1624 1896”
449 1560 613 1624 adnotavit
622 1583 635 1649 ².
658 1560 804 1641 „neither
819 1559 854 1623 of
862 1558 927 1635 thie
940 1598 980 1606 -
995 1558 1130 1623 adleotio
1143 1558 1303 1621 minorum

179 1689 324 1774 gentium
352 1727 395 1734 -
420 1707 477 1751 nor
499 1685 536 1750 of
553 1685 608 1750 the
631 1687 827 1771 subsequent
849 1682 1095 1748 traductio
1115 1683 1158 1769 by
1172 1681 1304 1748 Servius

181 1814 310 1879 Tullius
342 1813 424 1877 have
457 1834 505 1876 we
526 1831 590 1897 any
614 1810 814 1895 knowledge.
839 1809 871 1874 It
894 1832 997 1875 seems
1021 1816 1053 1874 to
1077 1808 1159 1875 have
1183 1810 1263 1875 been
1287 1829 1306 1872 a

182 1940 262 2004 later
292 1939 467 2003 invention.
500 1936 570 2000 The
601 1934 728 2000 Octavii
761 1935 878 2000 known
902 1943 934 2000 to
957 1957 994 1999 us
1019 1936 1052 1998 in
1075 1934 1161 2021 Livy
1186 1976 1222 1983 —-
1252 1936 1305 2018 28,

183 2069 244 2151 363
269 2068 321 2149 29,
349 2069 399 2150 13,
424 2068 484 2149 363
508 2067 561 2147 30,
586 2065 617 2146 2,
642 2065 695 2146 24,
720 2065 780 2148 363
806 2065 859 2146 31,
880 2065 911 2146 3,
934 2065 992 2146 11;
1013 2064 1066 2145 34,
1088 2065 1149 2146 45;
1170 2064 1223 2145 35,
1245 2064 1305 2145 253

184 2196 236 2276 36,
264 2195 321 2276 163
346 2232 385 2240 —
411 2213 465 2256 are
488 2213 507 2255 a
530 2190 685 2256 Plebeian
708 2211 797 2275 gens,
821 2190 858 2255 of
877 2189 983 2255 whioh
1006 2189 1061 2254 the
1085 2190 1154 2254 first
1177 2196 1208 2254 to
1232 2189 1306 2255 hold

183 2338 203 2381 a
233 2318 344 2382 curule
374 2316 465 2381 offioe
495 2337 559 2381 was
583 2313 641 2379 Gn.
666 2314 830 2395 Octavius,
855 2322 981 2402 praetor
1003 2317 1037 2380 in
1062 2315 1159 2381 205”.
1184 2314 1307 2389 Quodsi

186 2466 259 2509 vere
290 2464 399 2508 omnes
431 2441 559 2507 Oetavii
590 2441 769 2528 antiquitus
800 2440 927 2527 Plebeji
956 2442 1096 2525 fuerunt,
1121 2464 1240 2509 novum
1263 2465 1306 2508 ex

184 2570 244 2635 hoo
285 2571 352 2635 looo
388 2575 613 2654 argumentum
646 2567 803 2632 deducere
838 2569 912 2634 lioet
947 2568 987 2631 ad
1022 2568 1304 2634 demonstrandum

185 2716 280 2782 quam
306 2695 410 2780 ignari
433 2693 571 2758 Romani
595 2693 659 2779 ipsi
683 2693 812 2758 illarum
833 2716 939 2759 rerum
965 2695 1114 2760 fuerint·

367 2969 393 3034 0
428 2969 478 3032 17.
507 2968 640 3032 Rernisit
668 2975 773 3032 tamea
803 2970 884 3032 hosti
907 2971 1047 3050 judicato
1071 2971 1307 3034 necessitudines

407 3097 580 3179 amicosque
604 3115 718 3177 omues,
742 3101 836 3180 atque
861 3098 1044 3161 interritos
1071 3096 1105 3162 0.
1133 3096 1254 3161 Sosium
1278 3104 1307 3162 et

408 3223 446 3286 Τ.
470 3221 643 3286 Domitiam
667 3228 741 3286 turta
763 3223 865 3286 aditur
887 3224 1032 3288 arsames.

231 3456 351 3523 Omnes
374 3459 641 3544 interpretatores,
662 3465 727 3522 tam
751 3458 876 3546 antiqui
895 3480 992 3545 quam
1017 3462 1216 3544 resentiores,
1236 3482 1308 3525 oon·

186 3593 354 3651 senserunt
378 3605 567 3671 praenomen
594 3584 662 3648 Titi
684 3592 740 3648 aut
762 3607 830 3650 esse
853 3584 1024 3650 delendum
1044 3594 1100 3651 aut
1119 3587 1307 3651 mutandum

186 3711 220 3774 in
248 3709 444 3792 ,Gnaeum'’.
469 3710 645 3796 Nunquam
670 3710 772 3775 ullum
798 3710 899 3777 fuisse
910 3711 1092 3776 Domitium
1104 3716 1309 3798 praenomine

189 3837 258 3901 Titi
292 3835 464 3902 Suetonius
499 3837 567 3923 ipse
602 3835 700 3899 tradit
733 3836 899 3900 notissimo
934 3838 1000 3902 looo
1033 3836 1120 3902 Nero
1142 3859 1159 3901 o
1185 3841 1221 3902 l:
1250 3860 1309 3920 ,ne

188 3965 395 4050 praenomina
424 3962 555 4050 quidem
579 3962 645 4026 nlla
670 3968 892 4048 praeterquam
916 3962 1021 4029 Gnaei
1042 3972 1075 4030 et
1097 3963 1194 4028 Luoii
1217 3987 1308 4029 usur·

189 4091 326 4176 parunt”
357 4089 537 4154 Domitium
569 4095 677 4153 autem
710 4088 750 4153 de
773 4111 836 4175 quo
859 4097 965 4154 nostro
988 4090 1055 4155 loeo
1078 4092 1187 4176 agitur
1210 4090 1309 4156 fuisse

188 4216 332 4282 Gnaeum
367 4217 547 4281 Domitium
578 4237 652 4280 oum
684 4215 741 4278 alii
764 4222 833 4279 tum
858 4213 1103 4302 Oudendorpius
1126 4218 1309 4281 deotissime

188 4346 222 4407 in
254 4342 456 4408 adnotatione
486 4341 724 4406 demonstravit.
749 4340 856 4415 Quare
881 4340 1097 4428 Shuekburgh
1122 4344 1156 4406 in
1180 4364 1238 4407 sua
1262 4365 1310 4408 re-

189 4468 373 4535 centissima
410 4468 559 4551 editione,
595 4468 656 4533 etsi
691 4467 876 4554 profiteatur
909 4470 1079 4556 praecipue
1113 4467 1310 4534 Rothianum
