3370 5450
746 718 785 780 13

204 950 314 994 vocem
341 929 456 1011 „eum”
479 928 716 1014 interpreteris:
741 934 778 993 ut
797 950 962 1015 nunquam
983 935 1097 1016 togam¹
1111 935 1252 995 sumeret
1265 930 1328 995 nisi

202 1076 299 1142 super
332 1055 474 1120 tunicam
505 1055 710 1138 laticlaviam,
734 1061 778 1119 ut'
801 1055 927 1141 quando
950 1062 1076 1141 togatus
1099 1055 1133 1118 in
1158 1055 1325 1141 publicum

205 1181 387 1268 procederet
421 1203 547 1268 semper
580 1183 640 1246 sub
674 1189 748 1268 toga
779 1183 920 1246 tunicam
951 1183 1146 1248 laticlaviam
1178 1184 1327 1268 gereret?

209 1307 351 1374 Verbum
381 1308 484 1394 igitur
517 1309 643 1394 „cingi”
668 1308 805 1374 eundem
829 1330 957 1374 sensum
982 1309 1114 1374 haberet
1142 1329 1178 1374 ac
1204 1315 1328 1395 „togam

206 1434 364 1498 sumere’'.

205 1595 207 1602 ‹
251 1556 467 1624 Vehementer
500 1563 607 1622 tomen
642 1579 752 1624 vereor
785 1564 821 1622 ut
856 1579 999 1644 unquam
1023 1560 1156 1625 verbum
1180 1561 1329 1646 cingendi

207 1685 261 1750 illo
285 1706 380 1751 sensu
404 1691 559 1750 occurrat.
1116 1659 1117 1663 Ἰ

250 1810 337 1885 Quid
360 1817 468 1876 autem
493 1812 525 1874 in
550 1810 657 1876 verbis
680 1809 806 1874 traditis
829 1811 935 1893 lateat,
960 1812 1118 1897 quomodo
1141 1835 1183 1878 ex
1203 1813 1244 1878 iis
1257 1836 1327 1879 sen·

207 1958 277 2001 sum
302 1937 502 2002 commodum
526 1943 558 2002 et
579 1943 697 2023 aptum·
717 1937 818 2022 magis
841 1958 990 2023 paremus
1014 1959 1076 2002 non
1102 1939 1206 2020 video.

387 2137 421 2203 0.
459 2137 512 2200 52.
549 2135 683 2201 Helvius
715 2138 818 2200 Cinna
841 2137 897 2200 Tr.
922 2137 971 2201 Pl.
993 2137 1149 2223 plerisque
1171 2139 1330 2228 confessus

429 2271 473 2327 cst
495 2264 638 2328 babuisse
659 2285 691 2326 se
713 2264 862 2347 sericatum
882 2268 1092 2349 paratumque
1112 2265 1213 2349 leuem,
1234 2286 1328 2350 quom

432 2389 550 2454 Caesar
573 2390 660 2473 ferre
676 2389 832 2472 jussisset,
857 2409 926 2452 cum
946 2390 1147 2474 ipseobcsset,
1160 2394 1330 2455 utiucores

428 2515 593 2578 liberorum
616 2515 863 2598 quoermrdorom
888 2535 984 2578 causo
1003 2536 1084 2599 qaas
1104 2522 1133 2579 et
1151 2523 1223 2600 quot
1243 2517 1329 2595 uellet

429 2643 539 2705 ducere
562 2641 675 2704 liceret.

251 2815 390 2881 Videtur
424 2815 505 2878 mihi
540 2814 599 2880 hoc
629 2813 799 2879 absurdius
834 2835 930 2901 quam
964 2824 999 2881 ut
1022 2817 1158 2899 credam,
1186 2815 1331 2881 (laeseris

204 2941 298 3026 jussu
333 2941 436 3026 legem
472 2939 635 3004 ferendam
670 2939 868 3023 fuisseque
903 2940 933 3003 ei
953 2940 1086 3004 vlicebat
1120 2947 1197 3026 quot
1232 2941 1329 3026 vellet

208 3091 325 3134 uxores
347 3068 473 3134 ducere.
498 3066 533 3132 Si
556 3068 642 3132 enim
666 3065 783 3132 Caesar
805 3074 914 3132 contra
937 3088 1057 3130 morem
1078 3069 1235 3153 majorum
1259 3070 1331 3154 plu-

207 3217 257 3260 res
288 3215 405 3259 uxores
428 3193 544 3258 ducere
568 3193 730 3275 voluisset,
755 3214 817 3256 non
840 3193 919 3256 adeo
942 3198 1139 3278 contemptor
1163 3195 1330 3259 civilitatis

207 3327 276 3384 eret
310 3327 345 3383 ut
380 3341 442 3383 non
474 3319 580 3405 potius
611 3318 827 3404 polygamiam
853 3317 1001 3381 omnibus
1024 3318 1122 3382 licere
1146 3340 1242 3404 quam
1268 3321 1331 3383 sibi

207 3445 268 3509 soli
291 3445 360 3530 lege
384 3444 574 3509 decerneret.
589 3442 678 3507 Sicut
691 3449 799 3529 postea
812 3441 977 3524 Claudius,
992 3443 1209 3530 Agrippinam
1223 3445 1331 3509 fratris

208 3572 308 3635 filiam
340 3570 504 3651 ducturus,
538 3570 634 3635 etiam
666 3570 779 3634 ceteris
812 3569 940 3633 veniam
972 3568 1060 3634 dedit
1083 3571 1196 3634 talium
1222 3573 1332 3656 couju-

207 3699 345 3783 giorum,
369 3717 452 3783 quae
475 3702 568 3760 antea
592 3697 713 3760 incesta
735 3694 946 3760 habebantur.

252 3822 284 3886 A
308 3823 471 3887 nonnullis
496 3821 566 3886 ideo
592 3821 790 3907 propositum
815 3828 863 3885 est
890 3841 988 3906 „quas
1008 3823 1081 3907 quis
1102 3819 1222 3908 etquot
1237 3823 1332 3888 vellet

208 3948 289 4012 etc.’'
325 3967 422 4033 quem
456 3947 634 4027 lectionem,
666 3944 694 4008 si
724 3945 842 4030 aliquis
873 3943 974 4009 codex
1007 3953 1171 4028 annueret,
1195 3947 1332 4013 libenter

208 4073 392 4158 reciperem.
419 4071 508 4136 Haec
532 4093 605 4136 vero
628 4071 695 4135 sola
718 4079 766 4134 est
790 4069 934 4134 codicum
960 4071 1096 4135 varietas
1110 4071 1195 4158 quod
1209 4071 1330 4138 Vindo-

208 4180 358 4264 bonensia
381 4205 413 4262 et
437 4197 520 4262 Med.
545 4198 669 4283 primus
689 4202 721 4260 et
732 4195 846 4260 tertius
859 4216 931 4258 cum
945 4195 1107 4259 nonnullis
1120 4195 1330 4260 deterioribus

209 4346 265 4410 pro
305 4323 440 4405 „vellet”
476 4322 676 4387 tradiderunt
709 4321 879 4402 „vellent''.
904 4318 1011 4393 Quare
1034 4319 1116 4385 hanc
1140 4322 1246 4406 potius
1269 4322 1345 4386 lec·⁴

209 4452 329 4515 tionem
353 4449 604 4514 commendatam
630 4448 709 4512 volo.
