3370 5450
738 694 757 756 5

184 903 265 978 Quis
288 905 486 970 intellexerit
513 903 670 990 quomodo
694 902 781 967 Nero
801 903 907 968 'factus
931 903 973 967 sit
992 902 1184 968 libidinosus
1197 908 1305 990 tyran·

185 1032 268 1095 nus?
293 1029 380 1104 Quid
402 1030 521 1094 dicitur
543 1030 583 1095 de
607 1029 706 1094 Burri
730 1036 761 1094 et
784 1027 923 1094 Senecae
946 1029 1097 1116 potentia,
1122 1029 1161 1094 de
1186 1031 1307 1117 Agrip·

186 1157 280 1244 pinae
306 1157 490 1236 ambitione,
516 1156 555 1221 de
579 1157 672 1222 bellis
695 1176 777 1242 quae
800 1153 940 1220 Corbulo
962 1155 1071 1240 gessit,
1095 1175 1177 1241 quac
1200 1157 1308 1219 omnia

187 1283 318 1348 Tacitus
353 1281 522 1368 magnifice
558 1288 590 1346 et
624 1281 767 1367 graviter
800 1277 982 1367 exposuit?
1007 1278 1177 1365 Nusquam
1210 1280 1309 1346 miser

186 1411 246 1474 iste
279 1410 414 1495 scriptor
444 1410 478 1472 in
513 1408 657 1473 moribus
688 1405 898 1494 depingendis
922 1406 976 1471 via
998 1412 1031 1470 et
1054 1406 1176 1471 ratione
1200 1427 1308 1492 prooe-

186 1536 242 1618 dit,
272 1556 436 1621 nunquam
461 1535 603 1599 nativam
627 1533 777 1614 indolem,
801 1551 913 1596 causas
935 1530 1172 1617 depravationis
1196 1531 1332 1597 ordine'

186 1625 301 1726 narrat.
333 1660 466 1724 Nullius
494 1660 579 1724 vitae
602 1658 736 1722 nitidam
761 1663 793 1721 et
815 1627 954 1722 lucidam
979 1657 1154 1742 imaginem
1178 1679 1309 1746 expres·

186 1789 237 1870 sit,
273 1794 309 1852 ut
343 1808 407 1851 uno
438 1787 472 1850 in
502 1789 671 1872 conspectu
703 1789 804 1847 totum
837 1782 999 1847 hominem
1023 1782 1143 1847 videas.
1168 1783 1307 1850 Tantum

187 1918 275 1982 abest
305 1923 341 1980 ut
372 1936 473 1980 unum
504 1913 582 2000 quid
613 1919 716 1977 totum
749 1916 881 1998 ponator
911 1916 948 1974 ut
979 1911 1107 1975 nonnisi
1131 1932 1308 1998 pannorum

186 2044 310 2108 tristem
344 2062 495 2106 acervum
529 2038 723 2126 praebuerit.
761 2037 854 2102 Adde
889 2036 973 2123 qnod
998 2037 1046 2102 rei
1068 2035 1309 2124 chronologicae

187 2169 316 2233 omnino
346 2167 512 2252 negligens
542 2171 655 2230 cuncta
686 2164 769 2229 facta
799 2184 918 2249 susque
941 2162 1044 2249 deque
1068 2164 1248 2250 conjecerit,
1275 2172 1312 2229 ut

187 2313 281 2357 nemo
315 2292 416 2356 vitam
451 2290 589 2355 Neronis
624 2290 733 2375 legens
765 2289 925 2374 intelligat
955 2294 1064 2353 utrum
1096 2288 1183 2356 Nero
1217 2291 1311 2357 initio
1370 2322 1374 2329 ⁴

188 2418 279 2504 regni
314 2439 353 2480 an
385 2423 493 2503 postea
523 2421 657 2481 matrem
682 2415 842 2498 occiderit,
866 2415 950 2501 quod
974 2422 1080 2480 tamen
1103 2415 1143 2480 ad
1162 2417 1310 2504 judican-

187 2545 264 2610 dum
287 2544 327 2610 de
350 2543 551 2631 imperatoris
576 2534 681 2621 indole
705 2542 843 2607 multum
868 2541 975 2607 refert.
1001 2540 1184 2608 Sic-nostra
1205 2551 1309 2618 aetate

155 2721 157 2724 -
189 2671 283 2736 multi
306 2672 437 2736 fortasse
456 2669 684 2757 judicaverint,
707 2669 815 2733 nescio
836 2688 877 2741 an
902 2689 985 2733 vere.
1011 2665 1142 2733 Constat
1164 2676 1249 2734 certo
1274 2670 1306 2734 id

167 2809 173 2832 ²
188 2797 272 2884 quod
295 2798 389 2862 initio
412 2797 641 2883 objiciebatur:
666 2816 709 2858 ex
730 2795 834 2860 medio
854 2801 932 2858 ae'vo
952 2801 1077 2882 praeter
1088 2796 1310 2882 excerptiones

188 2930 221 2988 et
240 2924 435 2987 imitationes
455 2942 557 3008 pauca
573 2942 740 3008 superesse
752 2921 822 2986 eius
835 2921 980 3005 vestigia.
994 2919 1191 2986 Litterarum
1205 2922 1311 2986 studia

123 3077 124 3082 ¹
188 3071 251 3114 non
285 3048 363 3113 adeo
397 3054 433 3111 ut
468 3047 527 3111 hac
563 3053 666 3111 aetate
696 3052 787 3110 erant
809 3047 992 3111 communia
1015 3046 1070 3111 sed
1093 3047 1203 3144 paucis
1230 3047 1309 3112 viris

187 3176 293 3261 iisque
322 3196 382 3238 non
408 3174 453 3237 ita
475 3172 575 3237 doctis
598 3173 735 3258 propria.
762 3170 849 3245 Quid
873 3192 947 3236 vero
970 3193 1099 3236 severus
1122 3171 1177 3236 ille
1200 3192 1311 3237 censor
1418 3207 1425 3219 ·

187 3301 385 3389 responderit
408 3300 486 3364 viris
508 3306 594 3364 certo
616 3299 817 3384 antiquitatis
840 3298 1060 3385 copiosissima
1082 3297 1225 3362 doctrina
1250 3300 1310 3363 im·

188 3430 275 3493 butis
299 3434 331 3492 et
353 3427 492 3513 plurima
515 3427 651 3491 lectione
675 3425 792 3511 politis,
805 3425 862 3511 qni
875 3422 1027 3489 Suetonio
1040 3427 1199 3491 maximos
1211 3425 1309 3492 hono·

189 3577 239 3620 res
253 3623 256 3632 ,
270 3553 465 3618 habuerint?
488 3551 663 3638 Postquam
686 3552 783 3633 enim,
808 3549 966 3616 Orientali
989 3572 1087 3636 regno
1111 3573 1221 3617 everso
1244 3551 1309 3640 By·

188 3680 293 3744 zantia
327 3685 428 3764 capta,
462 3676 559 3741 Italia
593 3676 675 3740 facta
709 3682 757 3740 est
791 3675 881 3740 sedes
915 3677 1107 3759 litterarum,
1137 3676 1223 3741 unde
1253 3698 1310 3763 per
1373 3715 1375 3720 ·

189 3813 285 3870 totam
321 3805 483 3891 Europam
513 3804 554 3867 ab
585 3803 779 3867 humanistis
802 3804 859 3888 qui
883 3803 1035 3868 dicuntur
1058 3803 1201 3868 thesauri
1226 3804 1310 3868 anti·

189 3932 320 4017 quitatis
344 3937 419 3995 sunt
440 3929 609 4013 divulgati,
634 3950 707 3993 cum
732 3930 765 3992 in
789 3929 868 3994 alios
888 3930 1056 4016 scriptores
1068 3935 1138 3993 tum
1151 3931 1184 3992 in
1198 3927 1310 3994 Sueto·
1415 3947 1416 3952 ’

189 4058 279 4120 nium
300 4056 404 4121 denuo
424 4056 640 4120 incubuerunt
658 4057 720 4119 viri
741 4055 834 4120 docti.
857 4055 937 4119 Mssi
957 4055 1098 4129 studiose
1118 4057 1309 4142 legebantur

189 4189 221 4247 et
244 4182 457 4269 typographia
479 4183 609 4246 inventa
634 4183 728 4266 longa
748 4183 846 4246 series
869 4181 1056 4265 editionum,
1078 4203 1160 4269 quae
1171 4183 1213 4248 ab
1225 4204 1309 4248 anno

192 4311 276 4371 1470
301 4309 424 4394 incipit,
449 4330 491 4372 ex
515 4309 653 4373 officinis
677 4310 836 4394 processit.
862 4307 952 4382 Quae
973 4309 1071 4394 vulgo
1092 4310 1310 4375 illustrissimo

190 4433 317 4498 cuidam
350 4435 489 4521 principi
519 4434 681 4499 dedicatae
713 4441 745 4500 et
767 4435 963 4521 praefatione
986 4435 1130 4500 munitae
1153 4440 1252 4520 erant,
1276 4436 1310 4498 in
