3370 5450
889 696 929 758 58

386 906 506 971 Omnes
541 908 638 972 etiam
673 908 777 972 eritiei
813 908 845 971 in
877 905 1073 971 emendando
1106 904 1164 970 hoe
1188 910 1323 990 egerunt
1345 910 1381 968 ut
1404 902 1467 967 duo

343 1033 399 1097 illa
423 1033 622 1098 iueommoda
648 1035 804 1099 tollerent.

385 1157 544 1223 Graevius
592 1181 660 1224 ιο.
705 1180 814 1224 vooem
863 1159 1012 1246 „pueris”
1049 1156 1296 1244 expungendam
1332 1155 1466 1220 oensuit.

341 1283 454 1349 Restat
476 1290 584 1349 tamen
611 1284 699 1364 „sine
723 1283 819 1349 anulo
843 1283 964 1349 laevis’'
989 1323 1029 1332 -
1056 1283 1107 1348 vel
1128 1282 1241 1347 laeviis
1254 1281 1306 1347 rel
1320 1282 1398 1346 velis
1413 1303 1465 1360 —;

341 1429 446 1496 neque
471 1409 552 1473 mihi
576 1409 767 1496 persuadere
791 1432 920 1496 possum
944 1410 1122 1474 ablativum
1147 1410 1330 1474 absolutum
1347 1408 1466 1489 „laevis

342 1536 412 1601 sine
433 1537 551 1600 anulo'’
574 1536 684 1601 Latini
707 1537 862 1602 sermonis
885 1558 963 1603 esse.

386 1661 632 1748 Oudendorpius
668 1663 689 1726 i.
702 1683 730 1729 a.
767 1662 949 1748 proposuit:
973 1662 1064 1748 puris
1088 1667 1119 1725 et
1142 1662 1211 1726 sine
1234 1661 1329 1725 anulo
1353 1661 1464 1725 laevia

341 1787 381 1852 In
404 1808 469 1874 qna
491 1788 627 1853 lectione
654 1789 762 1875 „puris
786 1789 907 1854 laevis'’
928 1794 976 1852 est
993 1786 1262 1873 intellegendum:
1283 1786 1465 1852 laevissine

341 1922 525 1980 ornamento
550 1917 601 1980 vel
623 1917 692 1980 sine
715 1917 810 1980 anulo
834 1936 940 1997 aureo,
965 1921 996 1979 et
1018 1913 1244 1979 eonferendum
1265 1935 1338 1977 oum
1366 1932 1466 1998 „pura

343 2039 464 2122 hasta”‚
489 2061 570 2126 quae
594 2049 642 2105 est
665 2041 755 2105 hasta
778 2042 848 2105 sine
871 2040 1002 2126 euspide
1026 2040 1138 2104 ferrea.
1163 2037 1195 2101 N
1198 2060 1215 2104 e
1238 2038 1341 2103 dicam
1355 2059 1463 2103 vocem

346 2167 475 2251 „puris”
498 2168 544 2232 sio
567 2173 729 2254 aoeeptam
753 2167 882 2231 omnino
906 2186 1138 2252 supervacuam
1163 2187 1241 2248 esse,
1266 2165 1343 2250 qnia
1355 2165 1463 2229 verbis

345 2294 433 2374 „sine
465 2293 582 2359 anulo’'
618 2293 702 2358 idem
737 2313 848 2358 sensus
881 2292 1086 2379 exprimitur,
1111 2291 1239 2356 insolita
1261 2291 1358 2355 nimis
1381 2291 1464 2355 mihi

341 2421 521 2505 eonjunotio
555 2420 724 2484 verborum
765 2419 874 2505 „puris
889 2468 895 2482 .
910 2467 938 2482 ..
974 2418 1096 2484 laevis’'
1128 2418 1184 2483 illo
1206 2439 1301 2483 sensu
1326 2417 1462 2483 videtur.

386 2543 500 2609 Altera
522 2544 616 2608 leetio
639 2543 680 2608 ab
703 2543 814 2608 eodem
836 2542 1055 2608 commendata
1079 2549 1142 2608 est:
1171 2545 1279 2629 „puris
1302 2543 1403 2608 laenis
1426 2564 1463 2608 ao

339 2671 409 2735 siue
442 2671 570 2752 anulo”,
606 2671 658 2734 eui
694 2669 843 2755 equidem
880 2670 1018 2734 libenter
1041 2670 1252 2756 aequiesoam.
1277 2668 1352 2734 Vox
1375 2671 1461 2734 euim

337 2799 448 2861 laeuae
482 2817 580 2882 purae
605 2795 705 2860 multo
740 2797 843 2881 magis
879 2796 938 2861 hoo
972 2797 1039 2860 loeo
1071 2797 1248 2882 requiritur
1270 2817 1366 2883 qnam
1391 2796 1462 2861 vela

338 2922 389 2986 vel
416 2922 534 2998 ,laevae
568 2921 619 2984 vel
654 2920 823 3007 quidlibet.
859 2920 993 3008 Equites
1028 2928 1060 2987 et
1094 2928 1253 2987 senatores
1288 2921 1337 2985 illi
1361 2922 1462 3007 igitur

337 3069 399 3112 non
434 3050 588 3133 gerebant
622 3047 755 3110 anulum
789 3068 923 3112 aureum
958 3057 990 3112 et
1014 3047 1119 3111 induti
1143 3053 1233 3112 eraut
1255 3049 1346 3113 laena
1370 3068 1460 3135 pura,

337 3195 420 3260 quae
453 3196 495 3238 se.
531 3173 657 3258 carebat
691 3173 812 3258 insigni
844 3173 1019 3258 diguitatis.
1055 3172 1101 3237 Ut
1131 3180 1205 3258 toga
1227 3173 1346 3238 dieitur
1369 3195 1459 3261 pura,

337 3321 420 3386 quae
443 3321 505 3364 non
529 3305 577 3365 est
600 3307 774 3386 praetexta,
799 3301 844 3364 sie
865 3300 962 3364 etiam
974 3301 1084 3365 laeuae
1096 3301 1123 3364 si
1136 3301 1330 3365 ornamentis
1342 3307 1458 3366 eareat.

380 3425 558 3491 Infelioiter
580 3435 688 3490 antem
711 3426 885 3514 oonjeeisse
909 3425 1036 3490 videtur
1060 3427 1142 3490 mihi
1165 3425 1313 3509 Rothius‚
1338 3428 1395 3513 qui
1418 3427 1459 3490 ab

337 3552 562 3639 Oudendorpio
597 3572 710 3638 parum
746 3551 894 3617 resedens
930 3553 1111 3638 proposuit:
1135 3554 1307 3640 purpureis
1331 3573 1367 3617 ao
1390 3554 1459 3618 sine

336 3680 432 3743 anulo
455 3680 565 3743 laenis.
591 3677 626 3742 si
650 3679 736 3743 enim
761 3679 847 3764 legas
875 3679 1026 3761 ‚‚laenis”,
1053 3701 1143 3743 voees
1170 3700 1225 3760 „ae
1249 3681 1317 3744 sine
1340 3680 1457 3744 auulo''

336 3827 397 3870 non
422 3806 505 3870 inter
532 3805 743 3892 „purpureis”
768 3811 800 3868 et
823 3805 962 3891 „laenis”
976 3810 1051 3868 sunt
1063 3804 1237 3891 ponendae,
1250 3805 1327 3890 quia
1339 3825 1457 3890 nequa·

335 3953 433 4018 qnam
457 3931 496 3995 ad
521 3931 627 3996 laenas
651 3931 763 3997 referri
788 3936 929 4016 possunt.
954 3929 1079 3996 Deinde
1104 3952 1164 3996 non
1190 3931 1366 3997 verisimile
1389 3953 1458 3996 esse

335 4057 428 4122 oredo
455 4078 631 4143 purpureas
654 4057 754 4122 fuisse
779 4059 894 4138 laenas,
918 4058 1069 4143 quoniam
1094 4065 1254 4123 senatores
1277 4065 1309 4123 et
1333 4059 1457 4145 equites

334 4184 468 4247 anulum
492 4205 625 4247 aureum
650 4205 712 4248 non
735 4183 898 4269 gerebant.

381 4309 458 4374 Ideo
491 4311 703 4394 eonjeeturam
737 4308 966 4395 Oudendorpii‚
997 4331 1080 4396 quae
1102 4311 1167 4376 levi
1191 4311 1362 4376 verborum
1386 4332 1456 4375 mn·

335 4435 454 4500 tatione
488 4442 519 4499 et
552 4435 798 4520 transpositione
821 4435 1025 4522 aptissimum
1049 4457 1177 4501 sensum
1199 4438 1339 4524 praebet,
1365 4436 1456 4503 valde
