3370 5450
884 693 925 753 44

351 900 631 985 „impotentibus”.
658 899 743 974 Quid
767 900 877 964 enim?
899 899 1040 964 Erantue
1060 901 1185 965 inimici
1198 921 1260 964 uon
1273 901 1319 964 ita
1331 903 1473 987 potentia

346 1026 518 1091 florentes?
550 1026 604 1089 An
637 1027 688 1089 sui
712 1025 776 1112 ipsi
800 1033 943 1111 potentes
967 1046 1030 1090 non
1055 1026 1167 1090 eraut?
1191 1025 1222 1088 N
1225 1032 1348 1090 sutram
1373 1027 1474 1112 signi·

345 1155 525 1244 ficationem
539 1153 572 1217 in
586 1153 673 1218 huno
686 1154 791 1218 locum
804 1153 961 1239 quadrare
974 1153 1197 1240 unusquisque
1209 1153 1302 1218 credo
1314 1153 1473 1221 concedet.

391 1277 474 1344 (lum
499 1286 606 1344 autem
631 1278 773 1347 Vindob.
798 1280 932 1365 primus,
954 1279 1011 1365 qui
1032 1280 1128 1344 etiam
1149 1279 1298 1365 pluribus
1309 1280 1383 1344 aliis
1395 1280 1474 1345 locis

346 1407 525 1492 genuinum
553 1412 680 1471 textum
705 1405 856 1487 servavit,
882 1405 1033 1490 praebeat
1059 1405 1339 1491 ,impetentibus'',
1364 1407 1473 1471 nullus

346 1531 458 1596 dubito
482 1531 563 1596 hauc
587 1532 754 1596 lectionem
780 1532 931 1617 recipere.
956 1529 1117 1616 Impetere
1141 1531 1228 1595 enim
1249 1538 1297 1596 ost
1316 1533 1473 1598 incessere

346 1658 379 1720 iu
411 1657 562 1744 aliquem,
588 1657 719 1743 aggredi
744 1657 896 1742 aliquem,
921 1663 952 1722 et
975 1656 1060 1743 apud
1085 1663 1193 1742 poetas
1217 1656 1316 1744 hujus
1339 1659 1470 1723 aetatis:
1504 1665 1506 1672 ’

346 1781 465 1848 Silium
501 1782 662 1866 Italicum,
695 1782 863 1847 Lucanum
895 1789 927 1847 et
958 1781 1096 1847 Statium
1121 1803 1183 1847 nou
1207 1804 1279 1848 raro
1302 1785 1471 1871 reperitur.

389 1907 462 1983 Qua
485 1930 561 1974 voce
584 1909 618 1971 in
643 1914 770 1972 textum
795 1913 922 1993 recepta
944 1907 1099 1992 quislibet
1110 1909 1301 1975 sententiam
1314 1916 1471 1975 mutatam

345 2034 453 2098 statim
477 2033 636 2118 intelliget
659 2039 691 2098 et
714 2033 761 2096 nil
785 2052 910 2097 morans
933 2033 1174 2119 praetermittet.

525 2305 556 2372 0.
585 2308 635 2372 18.
660 2306 813 2372 Detentus
835 2308 994 2388 qnondam
1017 2307 1114 2371 nediu
1138 2307 1208 2390 foro
1230 2328 1251 2371 n
1275 2307 1369 2371 tnrba
1389 2308 1470 2372 nihil

567 2454 632 2497 non
655 2434 844 2516 excapitavit.

390 2666 522 2734 Codices
552 2669 699 2756 plerique
731 2668 776 2733 ita
800 2669 915 2733 ultima
938 2668 1036 2733 verba
1058 2668 1276 2738 tradiderunt:
1301 2668 1383 2733 nihil
1406 2690 1469 2734 non

345 2817 393 2858 ex*
420 2815 456 2858 so
487 2794 649 2878 cogitavit,
681 2791 819 2876 Vindob.
853 2793 995 2880 primus:
1021 2793 1104 2856 nihil
1127 2815 1189 2858 non
1213 2816 1255 2859 ex
1280 2815 1316 2858 so
1339 2794 1469 2879 excogi-

237 2911 240 2916 ’
344 2920 435 2984 tavit.
470 2919 523 2982 Ex
557 2919 675 3005 quibus
712 2939 808 2982 uuam
845 2919 896 2983 vel
930 2920 1062 2983 alteram
1087 2920 1255 2984 lectionem
1279 2918 1468 2985 servandam

345 3053 431 3133 puto.
464 3046 597 3110 Nullam
629 3046 715 3110 enim
749 3045 841 3111 video
873 3047 1039 3129 rationem,
1063 3068 1121 3111 eur
1147 3068 1208 3128 ,ex
1232 3046 1290 3112 eo’'
1314 3045 1467 3114 deleatur.

524 3320 557 3385 Ο.
592 3320 645 3382 20.
684 3319 833 3400 Quamuis
863 3320 1017 3384 continuis
1040 3321 1143 3384 XXX
1163 3321 1320 3385 dominnm
1343 3323 1468 3387 mitibus

564 3447 631 3509 cine
653 3447 881 3510 intermissione
900 3447 1110 3526 conantibus.

387 3682 563 3747 Abundare
593 3703 701 3747 vocem
733 3681 933 3763 „continuis”
957 3688 989 3746 et
1012 3680 1172 3747 offendere
1191 3684 1260 3768 jam
1284 3682 1380 3746 multi
1403 3683 1467 3746 viri

340 3808 424 3874 docti
455 3808 673 3874 observarunt.
707 3807 954 3894 Oudendorpius
977 3808 1048 3872 ideo
1071 3810 1237 3895 proposuit
1263 3809 1466 3892 „coutinuo”,

341 3955 436 4020 quam
470 3956 577 3999 vocem
602 3935 647 3998 ita
670 3934 736 3998 fere
760 3935 918 4019 explicat:
944 3955 1069 4020 semper
1093 3935 1226 4020 triginta
1249 3935 1340 3999 milia
1363 3924 1467 3999 homi·

340 4081 417 4123 num
450 4057 559 4142 fuisse,
592 4080 756 4145 uunquam
786 4060 961 4144 pauciores,
993 4081 1111 4145 eosque
1134 4061 1203 4124 sine
1229 4061 1467 4126 intermissione

338 4192 481 4272 operatos
505 4207 582 4251 csse.
608 4184 647 4248 In
672 4206 736 4272 qua
757 4186 893 4250 lectione
908 4207 1015 4250 vocem
1033 4186 1222 4266 „continuo”
1236 4207 1338 4272 aeque
1352 4209 1467 4274 super·

341 4332 473 4376 vacuam
508 4333 576 4376 esse
612 4311 714 4378 oredo.
746 4310 782 4375 Si
814 4313 900 4376 onim
933 4312 1065 4396 triginta
1090 4312 1180 4376 milia
1205 4312 1371 4377 hominum
1396 4315 1466 4379 sine

340 4437 575 4502 intermissione
616 4438 840 4502 laboraverunt
880 4439 1101 4524 unusquisque
1144 4410 1304 4524 intelliget
1339 4461 1467 4526 semper
