3370 5450
911 692 953 755 28

369 907 442 992 quis
477 926 539 970 non
574 904 685 971 videt?
720 904 759 967 In
795 904 867 968 aliis
898 910 983 968 certe
1007 903 1169 968 codicibus
1193 901 1290 967 deest.
1311 899 1492 964 Verborum

368 1040 475 1096 tamen
509 1031 594 1113 ordo,
629 1033 686 1118 qni
712 1038 761 1097 est
783 1031 817 1094 in
841 1029 989 1095 Palatino
1014 1031 1127 1116 primo,
1151 1029 1294 1115 antiquis
1317 1025 1494 1092 editoribus

367 1178 463 1222 causa
494 1157 557 1222 fuit
586 1156 770 1244 suspicandi
794 1156 993 1222 verba'haec
1014 1178 1083 1221 esse
1106 1155 1307 1241 transposita.
1333 1155 1438 1231 Quare
1461 1153 1494 1218 et

367 1283 572 1349 Burmannus
605 1283 638 1348 et
668 1282 915 1369 Oudendorpius
946 1285 990 1347 ita
1021 1282 1207 1348 ediderunt:
1240 1302 1337 1368 quam
1361 1282 1492 1347 enixam

368 1410 484 1475 uxorio
508 1410 637 1474 nomine
661 1409 811 1495 dignatus
834 1415 891 1474 est.

412 1535 559 1623 Simplex
591 1536 650 1601 hoc
682 1535 859 1601 remedium
891 1536 1128 1623 transponendi,
1154 1536 1238 1622 quod
1262 1535 1390 1621 saepius
1413 1532 1492 1598 Sue·

366 1663 453 1727 tonio
485 1662 616 1748 profuit,
641 1661 699 1727 hoc
723 1663 790 1727 loco
814 1663 948 1748 insuper
971 1662 1135 1727 codicibus
1159 1660 1408 1743 commendatur,
1432 1682 1493 1748 pro

365 1809 441 1855 vero
464 1787 576 1853 babeo.

549 2076 580 2137 C.
606 2074 659 2137 26.
685 2074 841 2139 Scaenicis
860 2074 953 2157 ludis,
978 2075 1058 2138 iuter
1078 2073 1192 2155 plebem
1211 2081 1240 2138 et
1262 2076 1393 2159 equitem
1416 2096 1491 2138 eau-

587 2221 656 2264 sam
678 2203 904 2265 discordiarum
925 2220 1040 2283 sereres,
1060 2201 1195 2264 decimas
1216 2203 1373 2265 maturius
1386 2201 1490 2284 dabat,

591 2333 627 2390 ut
647 2328 803 2411 equestria
826 2327 864 2391 ab
887 2327 995 2407 iulimo
1017 2348 1136 2413 quoque
1159 2334 1394 2411 occuparentur.

412 2549 517 2615 Mirus
544 2556 591 2615 est
614 2548 774 2615 Mssorum
797 2550 831 2613 in
855 2549 914 2614 hoo
937 2549 1005 2614 loco
1027 2555 1174 2635 corrupto
1196 2570 1378 2615 consensus.
1403 2550 1488 2614 Nam

366 2697 431 2741 uno
454 2676 544 2762 regio
566 2682 701 2763 excepto
724 2677 782 2763 qni
809 2675 993 2756 „decurias”
1018 2674 1114 2740 habet
1137 2696 1193 2762 pro
1219 2675 1398 2757 „decimas”
1423 2698 1489 2742 om·

367 2823 422 2868 nes
445 2802 555 2867 eadem
579 2803 677 2868 verba
701 2803 910 2868 tradiderunt.

411 2926 498 3002 Quid
533 2950 609 2994 voce
643 2915 822 3016 „decimas”
853 2928 1054 3014 intelligatur
1084 2929 1341 3015 interpretatores
1364 2928 1488 3016 effugit.

367 3052 543 3119 Oonferunt
576 3055 723 3120 nonnulli
753 3053 857 3119 Galba
880 3076 906 3119 c.
934 3056 975 3118 15
997 3053 1241 3134 „Liberalitates
1264 3054 1402 3121 Neronis
1425 3077 1487 3120 non

366 3180 439 3267 plus
472 3181 605 3246 decimis
635 3183 801 3264 concessis,
836 3202 893 3268 per¹
923 3181 1159 3268 quinquaginta
1181 3182 1306 3267 equites
1328 3181 1488 3246 Romanos

366 3306 557 3371 revocandas
588 3309 744 3372 curavit.”
769 3306 822 3371 Ibi
846 3329 920 3371 vero
942 3306 1103 3392 significat
1126 3306 1207 3370 nihil
1232 3307 1321 3372 aliud
1344 3328 1380 3372 ac
1403 3308 1487 3373 deoi-

366 3453 433 3497 mae
457 3441 571 3520 partes,
595 3455 677 3520 quae
699 3434 892 3520 significatio
916 3436 949 3497 in
970 3440 1113 3498 nostrum
1133 3434 1238 3498 locum
1258 3455 1320 3499 non
1341 3433 1486 3520 quadrat.

409 3559 566 3625 Nonnulli
589 3560 719 3647 quidem
743 3561 989 3648 suspicabantur
1014 3561 1072 3626 hac
1092 3583 1167 3626 voce
1192 3561 1330 3647 intelligi
1350 3562 1487 3646 vectigal

364 3685 504 3771 aliquod,
538 3689 630 3772 cujus
665 3686 822 3752 reditibus
859 3695 997 3752 tesserae
1031 3709 1139 3752 rerum
1171 3688 1344 3752 missilium
1369 3689 1487 3775 populo

362 3810 537 3896 dabantur;
561 3832 671 3878 omnes
694 3819 801 3878 tamen
826 3813 1023 3879 emendando
1048 3814 1217 3879 meliorum
1231 3836 1359 3880 sensum
1373 3833 1485 3902 parare

364 3937 468 4002 conati
491 3947 574 4002 sunt.

407 4043 666 4129 Commendanda
697 4065 824 4131 videtur
854 4067 1015 4152 imprimis
1040 4070 1221 4153 conjectura
1245 4068 1483 4156 Oudendorpii:

363 4196 497 4255 tesseras
520 4190 622 4255 edicto
646 4192 804 4257 maturius
827 4191 932 4275 dabat,
956 4214 1053 4279 quam
1078 4197 1293 4280 conjecturam
1314 4195 1360 4258 ita
1379 4195 1485 4280 expli·

363 4323 428 4380 cat:
471 4324 606 4382 tesseras
640 4338 746 4382 rernm
784 4318 968 4401 missilium,
1005 4320 1192 4406 priusquam
1228 4321 1350 4385 edictae
1384 4327 1483 4404 erant,

359 4443 476 4529 populo
507 4443 611 4508 dabat.
643 4443 829 4530 Antequam
860 4445 980 4510 scilicet
1011 4446 1136 4532 equites
1167 4446 1283 4511 adsunt
1306 4448 1393 4534 plebi
1420 4453 1483 4513 tes·
