3370 5450
911 692 953 756 26

411 903 474 969 Dio
508 905 609 990 igitur
644 925 700 991 pro
734 902 824 990 Bajis
858 903 912 967 dat
947 901 1076 985 Baulos,
1117 900 1202 989 qnod
1237 899 1391 987 oppidum
1426 897 1492 962 fere

361 1019 466 1083 tribus
490 1019 622 1083 milibus
644 1026 676 1084 et
698 1019 859 1084 sexcentis
885 1038 1039 1104 passuum
1062 1038 1081 1080 a
1105 1015 1254 1080 Puteolis
1279 1013 1385 1079 distat.

409 1143 525 1231 Neque
547 1145 671 1210 codices
697 1145 826 1210 omnino
844 1144 1064 1226 consentiunt3
1082 1143 1140 1223 „ad
1153 1141 1346 1206 Puteolanas
1360 1138 1491 1222 molcs’',

362 1270 448 1357 quod
471 1271 557 1357 apud
582 1271 736 1336 Rothium
759 1272 909 1357 legimus,
934 1269 1124 1335 Torrentius
1140 1271 1210 1356 jam
1223 1268 1298 1338 olim
1312 1268 1492 1352 conjecerat

364 1418 421 1483 pro
458 1395 670 1478 „Puteolanas
705 1397 837 1479 moles’'‚
862 1395 947 1482 quod
971 1402 1040 1461 erat
1063 1396 1097 1458 in
1120 1393 1293 1460 codicibus.
1317 1391 1358 1455 In
1380 1391 1491 1457 multis

365 1521 459 1586 mssis
494 1521 631 1587 habetur
669 1528 720 1604 „et
752 1521 945 1587 Puteolanas
981 1521 1109 1586 moles”.
1148 1521 1273 1597 Quibus
1307 1519 1491 1606 praemissis

362 1648 541 1714 remedium
564 1648 678 1714 afferre
696 1651 767 1736 jam
790 1670 950 1715 conemur.

407 1771 457 1838 Ac
479 1773 561 1838 mihi
584 1775 715 1861 quidem
737 1775 1013 1861 simplicissimum
1029 1772 1252 1859 videturquod
1264 1771 1350 1859 apud
1362 1770 1491 1836 Ouden-

363 1897 513 1984 dorpium
535 1898 720 1964 adnotatum
745 1900 887 1986 reperio:
912 1899 1106 1980 „Baulorum
1128 1898 1270 1962 medium
1284 1897 1490 1962 intervallum

364 2032 397 2089 et
427 2023 624 2090 Puteolanae
647 2025 751 2108 molis,
775 2026 875 2089 trium
899 2025 977 2089 etc.”
1002 2024 1034 2088 N
1036 2045 1072 2090 ec
1093 2024 1276 2088 mirandum
1301 2022 1438 2105 videtur,
1462 2022 1490 2086 si

363 2152 516 2216 librarius
549 2154 623 2239 quis
658 2175 714 2239 pro
748 2153 877 2217 nomine
912 2152 975 2216 sibi
1010 2152 1118 2238 ignoto
1145 2150 1361 2233 „Baulorum”
1387 2150 1490 2235 magis

363 2282 474 2340 notum
500 2275 695 2364 „Bajarum”
718 2279 753 2341 in
776 2276 983 2342 describendo
1007 2277 1124 2364 posuit.

547 2588 581 2654 0.
612 2587 666 2654 24.
700 2588 765 2652 Nec
798 2588 897 2653 solum
928 2589 1134 2670 chiroprcpha
1163 2589 1310 2671 omnium,
1338 2587 1491 2668 requisita

589 2717 706 2799 frunda
728 2736 764 2779 cc
787 2722 895 2795 stupro
918 2716 1091 2799 diculpaclt
1113 2721 1166 2781 etc.

409 2926 585 3013 Disputant
619 2927 703 2991 inter
736 2948 770 2992 se
804 2927 1062 3013 interpretatores
1096 2926 1136 2990 de
1171 2947 1246 2991 voce
1282 2925 1488 3012 „requisita’'.

365 3051 523 3122 Nonnulli
546 3074 616 3118 eam
640 3074 697 3139 pro
719 3052 860 3117 ablativo
883 3052 1040 3136 singulari
1059 3050 1188 3133 habent,
1201 3073 1299 3138 quem
1311 3050 1489 3116 ablativum

365 3178 412 3242 ita
448 3178 628 3264 explicant:
666 3185 833 3264 postquam
869 3177 1014 3241 fraudem
1050 3198 1086 3241 ac
1110 3183 1257 3263 stuprum
1282 3184 1489 3263 compererat.

410 3303 457 3367 At
480 3305 642 3390 requirere
665 3326 727 3369 non
747 3310 813 3369 tam
833 3304 994 3389 significat
1012 3305 1198 3390 comperire,
1212 3303 1370 3388 detegere,
1384 3304 1493 3391 palam

363 3430 477 3512 facere,
512 3451 609 3516 quam
644 3430 848 3515 investigare.
881 3428 1029 3496 Alterum
1054 3430 1093 3493 ad
1116 3430 1253 3494 alterum
1277 3451 1311 3494 se
1334 3429 1430 3495 habet
1453 3436 1490 3494 ut

364 3555 511 3620 invenire
540 3555 580 3619 ad
611 3576 774 3641 quaerere.
806 3554 900 3619 Illam
924 3555 1171 3641 explicationem
1196 3554 1339 3620 defendit
1360 3554 1489 3621 Ouden-

365 3679 505 3767 dorpius.
529 3679 576 3744 Iis
599 3686 708 3745 autem
731 3681 818 3764 locis,
842 3702 921 3768 quos
944 3681 984 3745 ad
1008 3682 1199 3746 sententiam
1222 3703 1313 3746 suam
1337 3681 1488 3746 tuendam

363 3807 473 3871 attulit
497 3845 538 3856 -
563 3830 592 3873 v.
616 3827 647 3891 g.
674 3806 761 3892 Aug.
786 3805 822 3871 Ο.
849 3809 900 3891 55,
926 3805 1028 3892 Oalig.
1054 3806 1090 3874 Ο.
1115 3809 1154 3871 16
1177 3809 1364 3874 -verbum
1381 3810 1489 3895 requi·

362 3931 453 3996 rendi
490 3933 590 3998 multo
626 3933 743 3998 melius
776 3933 994 4019 investigandi
1029 3955 1126 4021 quam
1150 3935 1366 4022 comperiendi
1392 3936 1489 4001 verbo

363 4058 516 4125 redditur.
564 4058 634 4123 Alii
673 4060 868 4144 „requisita”
905 4081 961 4146 pro
995 4067 1108 4124 neutro
1144 4060 1260 4146 plurali
1296 4061 1488 4147 accipientes

361 4186 627 4271 interpretantur:
663 4185 886 4271 chirographa,
922 4187 956 4249 in
989 4207 1073 4273 quae
1103 4187 1294 4273 inquisierat
1317 4186 1429 4252 fraude
1451 4208 1488 4252 ac

363 4318 482 4397 stupro,
518 4332 599 4398 quae
623 4312 873 4396 investigaverat
897 4312 1078 4376 mentiendo
1101 4319 1133 4376 et
1156 4312 1256 4376 socios
1279 4313 1399 4398 stupris
1423 4313 1487 4376 sibi

361 4437 567 4502 conciliando.
604 4435 742 4501 Videtur
773 4436 832 4501 hoo
863 4436 1034 4502 absurdius
1056 4458 1153 4524 quam
1177 4436 1262 4523 quod
1286 4437 1484 4502 admittatur.
